Financial_ID,Location_ID,Location_Name,Date,Year,Month,Period,Total_Revenue,Revenue_Diagnostic,Revenue_Preventive,Revenue_Restorative,Revenue_Endodontic,Revenue_Periodontic,Revenue_Prosthodontic,Revenue_Oral_Surgery,Revenue_Orthodontic,Revenue_Implant,Revenue_Adjunctive,Total_Expenses,Labor_Clinical,Labor_Administrative,Supplies_Clinical,Supplies_Office,Rent_Lease,Utilities,Equipment_Costs,Marketing,Insurance,Professional_Fees,Continuing_Education,Lab_Fees,Software_IT,Travel,Miscellaneous,EBITDA,EBITDA_Margin,Labor_Cost_Percentage,Supply_Cost_Percentage,Total_AR,AR_Current,AR_31_60,AR_61_90,AR_91_Plus,DSO,Total_Claims_Submitted,Claims_Outstanding,Claims_Denied,Avg_Days_To_Payment,Collections_Expected,Collections_Actual,Collection_Rate,Total_Procedures,Completed_Procedures,Cancelled_Procedures,Total_Patient_Visits,New_Patients,Returning_Patients,Patient_Retention_Rate,Revenue_Per_Patient,Chair_Capacity,Total_Chair_Hours,Used_Chair_Hours,Chair_Utilization,Payor_Delta_Dental,Payor_Cigna_Dental,Payor_Aetna,Payor_MetLife,Payor_Guardian,Payor_United_Healthcare,Payor_Self_Pay,Treatment_Plans_Presented,Treatment_Plans_Accepted,Treatment_Plans_Completed,Case_Acceptance_Rate,Treatment_Completion_Rate,Revenue_Per_Square_Foot,Marketing_ROI,Operating_Cash_Flow,Revenue_MoM_Change,Revenue_YoY_Change,EBITDA_MoM_Change,EBITDA_YoY_Change
"FIN-LOC001-202001","LOC001","Downtown Dental","2020-01-01",2020,1,"2020-01",300011,32409,56136,71617,26158,23091,32119,14468,25232,12877,5903,216806,54002,27001,18001,3000,12800,9000,12000,15001,9000,12000,3000,27001,9000,3000,3000,83205,"0.2773","0.2700","0.0700",420015,264609,100804,42002,37801,"42.0",1600,544,48,39,270010,240309,"0.8010",1225,1127,74,858,137,721,"0.8300","349.66",5,880,766,"0.8700",95873,48357,37004,29435,19960,13876,55506,283,212,157,"0.7491","0.7406","93.75","3.00",23502.811000000016,0,0,0,0
"FIN-LOC001-202002","LOC001","Downtown Dental","2020-02-01",2020,2,"2020-02",295821,25780,59176,74702,25780,17841,29588,14648,25311,16552,6445,208171,56206,26624,17749,2958,12928,8875,8875,8875,11833,8875,2958,23666,5916,2958,8875,87650,"0.2963","0.2800","0.0700",354985,220091,74547,31949,31949,"36.0",1578,568,47,29,266239,244940,"0.8280",1270,1207,89,889,178,711,"0.7600","332.76",5,880,739,"0.8400",78249,50114,39036,33410,22039,13774,59199,391,250,193,"0.6394","0.7720","92.44","5.00",36768.78800000003,"-0.0140",0,"0.0534",0
"FIN-LOC001-202003","LOC001","Downtown Dental","2020-03-01",2020,3,"2020-03",359278,36375,79746,85692,30499,27911,29730,18363,29100,15215,6646,260958,79041,25149,21557,3593,13056,10778,14371,25149,7186,10778,3593,28742,7186,3593,7186,98320,"0.2737","0.2900","0.0700",467061,275566,112095,42035,46706,"39.0",1916,690,38,27,323350,300716,"0.8370",1414,1315,85,990,208,782,"0.8700","362.91",5,880,678,"0.7700",105245,48825,42532,31103,32116,19892,79566,465,335,255,"0.7204","0.7612","112.27","2.14",39757.686000000045,"0.2145",0,"0.1217",0
"FIN-LOC001-202004","LOC001","Downtown Dental","2020-04-01",2020,4,"2020-04",397870,39007,70290,105241,35222,30549,37462,19503,33368,18731,8497,295159,87531,31830,23872,7957,12672,11936,11936,19894,11936,11936,3979,35808,11936,3979,7957,102711,"0.2582","0.3000","0.0800",530493,297076,122013,42439,26525,"40.0",2122,785,106,35,358083,322275,"0.8100",1800,1710,126,1260,239,1021,"0.8800","315.77",5,880,774,"0.8800",103541,65014,47195,40132,29216,22875,89896,542,363,327,"0.6697","0.9008","124.33","3.00",27115.70000000001,"0.1074",0,"0.0447",0
"FIN-LOC001-202005","LOC001","Downtown Dental","2020-05-01",2020,5,"2020-05",377179,35681,82871,87283,33148,26051,39517,20910,26396,18799,6522,273055,71664,33946,26403,7544,12800,7544,18859,22631,11315,15087,3772,22631,11315,3772,3772,104124,"0.2761","0.2800","0.0900",377179,230079,79208,33946,33946,"30.0",2012,644,60,28,339461,329277,"0.8730",1521,1415,46,1065,202,863,"0.7700","354.16",5,880,642,"0.7300",113642,52844,44093,32956,29092,19698,84853,341,252,181,"0.7390","0.7183","117.87","2.50",56222.26700000005,"-0.0520",0,"0.0138",0
"FIN-LOC001-202006","LOC001","Downtown Dental","2020-06-01",2020,6,"2020-06",340543,38713,76080,74902,28547,26392,32654,14980,27470,14475,6329,254712,71514,30649,27243,6811,12928,6811,17027,13622,13622,10216,3405,27243,3405,3405,6811,85831,"0.2520","0.3000","0.1000",431354,276067,90584,47449,25881,"38.0",1816,708,54,29,306489,303424,"0.8910",1335,1282,67,934,205,729,"0.8600","364.61",5,880,774,"0.8800",99277,57314,36026,35480,27838,18422,66184,467,313,225,"0.6702","0.7188","106.42","3.75",48711.813000000024,"-0.0971",0,"-0.1757",0
"FIN-LOC001-202007","LOC001","Downtown Dental","2020-07-01",2020,7,"2020-07",316318,30803,57795,78595,25913,23563,34614,14290,28453,15560,6732,227896,63264,22142,18979,6326,12800,6326,15816,18979,9490,9490,3163,22142,9490,3163,6326,88422,"0.2795","0.2700","0.0800",463933,273720,102065,55672,27836,"44.0",1687,557,34,38,284686,278992,"0.8820",1528,1497,61,1070,193,877,"0.7900","295.62",5,880,713,"0.8100",103397,45954,33317,34785,23232,14999,60634,524,346,249,"0.6603","0.7197","98.85","2.50",51096.476000000024,"-0.0711",0,"0.0302",0
"FIN-LOC001-202008","LOC001","Downtown Dental","2020-08-01",2020,8,"2020-08",333446,34840,63873,78027,28453,23880,37380,16150,29033,15424,6387,239415,66689,26676,20007,6669,12672,6669,13338,16672,6669,6669,3334,33345,10003,3334,6669,94031,"0.2820","0.2800","0.0800",477939,296322,105147,57353,38235,"43.0",1778,693,71,25,300101,267090,"0.8010",1204,1108,48,843,169,674,"0.8800","395.55",5,880,642,"0.7300",94156,45096,40438,37332,27223,17840,71361,278,189,151,"0.6799","0.7989","104.20","3.00",27675.246000000043,"0.0541",0,"0.0634",0
"FIN-LOC001-202009","LOC001","Downtown Dental","2020-09-01",2020,9,"2020-09",342459,38282,71863,81434,24178,20216,34924,15615,30089,18805,7052,225127,65067,23972,20548,3425,12800,10274,10274,17123,10274,10274,3425,23972,3425,3425,6849,117332,"0.3426","0.2600","0.0700",490858,269972,122715,44177,29451,"43.0",1826,566,37,37,308213,274310,"0.8010",1427,1313,29,999,150,849,"0.8400","342.80",5,880,625,"0.7100",114533,50234,41794,31815,27059,18084,58941,500,340,262,"0.6800","0.7706","107.02","3.00",49182.65900000004,"0.0270",0,"0.2478",0
"FIN-LOC001-202010","LOC001","Downtown Dental","2020-10-01",2020,10,"2020-10",383766,40766,78541,90696,29920,29846,34408,20944,31416,19822,7405,273633,72916,30701,23026,7675,12672,7675,11513,19188,11513,11513,3838,38377,11513,3838,7675,110133,"0.2870","0.2700","0.0800",486104,277079,121526,48610,24305,"38.0",2047,778,82,34,345389,310850,"0.8100",1476,1417,103,1033,186,847,"0.7800","371.51",5,880,766,"0.8700",108501,63193,42446,39744,27344,21462,81077,506,385,270,"0.7609","0.7013","119.93","3.00",37217.46000000002,"0.1206",0,"-0.0614",0
"FIN-LOC001-202011","LOC001","Downtown Dental","2020-11-01",2020,11,"2020-11",351454,35064,73501,95247,29130,22421,28658,18207,24815,18544,5867,265593,66776,35145,24602,7029,12544,10544,14058,24602,10544,10544,3515,31631,7029,3515,3515,85861,"0.2443","0.2900","0.0900",363169,217901,79897,36317,25422,"31.0",1874,637,56,37,316309,284678,"0.8100",1757,1704,105,1230,234,996,"0.8000","285.73",5,880,713,"0.8100",111601,49300,43774,39367,29760,16253,61399,431,297,255,"0.6891","0.8586","109.83","2.14",19084.74000000005,"-0.0842",0,"-0.2204",0
"FIN-LOC001-202012","LOC001","Downtown Dental","2020-12-01",2020,12,"2020-12",277226,25566,58913,63221,22454,19063,27234,15562,24010,15701,5502,204214,55445,19406,19406,2772,12928,8317,11089,19406,8317,8317,2772,22178,2772,2772,8317,73012,"0.2634","0.2700","0.0800",415839,241187,99801,37426,33267,"45.0",1479,562,44,35,249503,242018,"0.8730",1031,979,41,722,116,606,"0.8700","383.97",5,880,678,"0.7700",77824,46694,33551,30553,21445,14700,52459,296,204,145,"0.6892","0.7108","86.63","2.14",37804.29799999998,"-0.2112",0,"-0.1496",0
"FIN-LOC001-202101","LOC001","Downtown Dental","2021-01-01",2021,1,"2021-01",332627,33818,68257,85321,21594,24324,34439,13962,26558,17840,6515,225809,63199,19958,16631,3326,12928,3326,16631,16631,13305,6653,3326,33263,6653,3326,6653,106818,"0.3211","0.2500","0.0600",410240,229734,94355,36922,36922,"37.0",1774,621,53,32,299364,272422,"0.8190",1124,1034,67,787,134,653,"0.9000","422.65",5,880,651,"0.7400",104159,53053,38159,28554,27257,17847,63599,346,225,187,"0.6503","0.8311","103.95","3.00",46612.51299999998,"0.1998","0.1087","0.4630","0.2838"
"FIN-LOC001-202102","LOC001","Downtown Dental","2021-02-01",2021,2,"2021-02",345275,35176,74016,77864,26089,28984,33344,17771,26968,18321,6742,251043,69055,20717,27622,3453,12800,6906,17264,20717,10358,13811,3453,27622,6906,3453,6906,94232,"0.2729","0.2600","0.0900",391312,215222,78262,35218,19566,"34.0",1841,718,55,30,310748,285888,"0.8280",1701,1616,68,1191,191,1000,"0.8400","289.90",5,880,704,"0.8000",100790,47245,45775,37446,24078,17848,72093,488,356,256,"0.7295","0.7191","107.90","2.50",34844.70000000001,"0.0380","0.1672","-0.1178","0.0751"
"FIN-LOC001-202103","LOC001","Downtown Dental","2021-03-01",2021,3,"2021-03",415004,41419,89335,104563,28912,27572,41013,22537,30536,20507,8609,274251,78851,29050,24900,4150,12800,4150,16600,16600,12450,16600,4150,29050,12450,4150,8300,140753,"0.3392","0.2600","0.0700",428837,244437,98633,34307,38595,"31.0",2213,752,89,33,373504,362298,"0.8730",1487,1383,45,1041,239,802,"0.8700","398.66",5,880,748,"0.8500",134054,57969,43960,43074,30273,21135,84539,396,269,218,"0.6793","0.8104","129.69","3.75",88047.49200000003,"0.2020","0.1551","0.4937","0.4316"
"FIN-LOC001-202104","LOC001","Downtown Dental","2021-04-01",2021,4,"2021-04",385083,42500,73333,90625,29667,28583,36667,18750,34667,23125,7167,270549,77017,30807,26956,3851,12544,11552,15403,19254,15403,11552,3851,23105,11552,3851,3851,114534,"0.2974","0.2800","0.0800",474936,284962,113985,47494,33246,"37.0",2054,637,62,40,346575,339643,"0.8820",1553,1475,47,1087,185,902,"0.8800","354.26",5,880,634,"0.7200",108286,52318,46234,41368,30823,20887,85168,446,352,310,"0.7892","0.8807","120.34","3.00",69094.206,"-0.0721","-0.0321","-0.1863","0.1151"
"FIN-LOC001-202105","LOC001","Downtown Dental","2021-05-01",2021,5,"2021-05",426055,48952,80728,106278,33322,33365,44229,19323,32291,18464,9103,293997,85211,29824,34084,8521,12800,4261,17042,21303,17042,12782,4261,25563,8521,4261,8521,132058,"0.3100","0.2700","0.1000",539670,339992,113331,53967,32380,"38.0",2272,727,68,31,383450,364277,"0.8550",1444,1401,101,1011,233,778,"0.8900","421.42",5,880,704,"0.8000",132850,62769,48265,43065,35102,20313,83692,354,262,212,"0.7401","0.8092","133.14","3.00",70280.02499999997,"0.1064","0.1296","0.1530","0.2683"
"FIN-LOC001-202106","LOC001","Downtown Dental","2021-06-01",2021,6,"2021-06",337093,35429,76362,73954,26417,22152,35429,19606,24216,15823,7705,238527,70790,26967,20226,6742,12672,6742,16855,13484,6742,10113,3371,23597,6742,3371,10113,98566,"0.2924","0.2900","0.0800",438221,276079,96409,35058,30675,"39.0",1798,683,54,30,303384,288215,"0.8550",1338,1298,94,937,234,703,"0.8000","359.76",5,880,642,"0.7300",101509,45874,41384,29281,29411,15454,74179,459,294,209,"0.6405","0.7109","105.34","3.75",49687.515000000014,"-0.2088","-0.0101","-0.2536","0.1484"
"FIN-LOC001-202107","LOC001","Downtown Dental","2021-07-01",2021,7,"2021-07",384219,42050,76454,81232,28747,30773,40138,21598,35169,20260,7798,247174,73002,30738,23053,3842,12800,11527,11527,19211,7684,11527,3842,23053,3842,3842,7684,137045,"0.3567","0.2700","0.0700",461063,262806,92213,41496,36885,"36.0",2049,697,61,34,345797,318133,"0.8280",1601,1473,80,1121,213,908,"0.8800","342.75",5,880,766,"0.8700",121962,56464,39751,38019,30716,21268,76038,538,355,305,"0.6599","0.8592","120.07","3.00",70959.33200000005,"0.1398","0.2147","0.3904","0.5499"
"FIN-LOC001-202108","LOC001","Downtown Dental","2021-08-01",2021,8,"2021-08",368216,32843,67195,100038,29596,28275,33598,17365,34428,16421,8456,259374,77325,29457,18411,7364,12672,3682,14729,25775,7364,11046,3682,29457,7364,3682,7364,108842,"0.2956","0.2900","0.0700",368216,228294,77325,33139,29457,"30.0",1964,628,59,36,331394,311511,"0.8460",1745,1640,87,1222,244,978,"0.8100","301.32",5,880,704,"0.8000",102102,60228,44971,37476,32428,16826,74186,403,246,177,"0.6104","0.7195","115.07","2.14",52136.735999999975,"-0.0417","0.1043","-0.2058","0.1575"
"FIN-LOC001-202109","LOC001","Downtown Dental","2021-09-01",2021,9,"2021-09",365365,32942,72400,98645,26933,27114,35476,15747,27801,20272,8036,254070,69419,25576,29229,3654,12928,7307,18268,14615,7307,14615,3654,32883,7307,3654,3654,111295,"0.3046","0.2600","0.0900",450617,288395,108148,40556,36049,"37.0",1949,663,78,25,328829,312387,"0.8550",1561,1467,62,1093,208,885,"0.7500","334.28",5,880,713,"0.8100",115542,47772,47106,32589,33478,19257,69622,492,374,322,"0.7602","0.8610","114.18","3.75",58317.07500000001,"-0.0077","0.0669","0.0225","-0.0515"
"FIN-LOC001-202110","LOC001","Downtown Dental","2021-10-01",2021,10,"2021-10",332633,38604,59081,82244,26049,23028,33233,17288,29541,16449,7117,252040,66527,26611,26611,6653,12544,3326,9979,23284,9979,13305,3326,29937,9979,3326,6653,80593,"0.2423","0.2800","0.1000",376984,218651,90476,33929,37698,"34.0",1774,603,71,31,299370,275420,"0.8280",1294,1242,39,906,227,679,"0.8300","367.14",5,880,678,"0.7700",84107,53927,44725,29355,29817,16162,74541,362,250,188,"0.6906","0.7520","103.95","2.14",23380.12400000001,"-0.0896","-0.1332","-0.2759","-0.2682"
"FIN-LOC001-202111","LOC001","Downtown Dental","2021-11-01",2021,11,"2021-11",349821,38810,76915,80267,28226,27908,31401,16406,27379,15877,6633,243936,69964,24487,20989,3498,13056,6996,13993,17491,13993,13993,3498,27986,6996,3498,3498,105885,"0.3027","0.2700","0.0700",396464,222020,95151,47576,27752,"34.0",1866,616,56,39,314839,289652,"0.8280",1291,1201,26,904,181,723,"0.8200","386.97",5,880,651,"0.7400",103533,52306,47453,35949,25021,15818,69741,434,265,233,"0.6106","0.8792","109.32","3.00",45715.78800000006,"0.0517","-0.0046","0.3138","0.2332"
"FIN-LOC001-202112","LOC001","Downtown Dental","2021-12-01",2021,12,"2021-12",350513,30657,67446,93675,26161,22891,39173,17883,27523,18565,6540,264912,70103,28041,21031,7010,12544,7010,14021,24536,10515,10515,3505,35051,7010,3505,10515,85601,"0.2442","0.2800","0.0800",467351,280411,98144,46735,28041,"40.0",1869,710,56,25,315462,287070,"0.8190",1279,1241,77,895,179,716,"0.7900","391.63",5,880,766,"0.8700",106903,61550,39306,40674,25052,15838,61190,340,218,172,"0.6412","0.7890","109.54","2.14",22158.146999999997,"0.0020","0.2644","-0.1916","0.1724"
"FIN-LOC001-202201","LOC001","Downtown Dental","2022-01-01",2022,1,"2022-01",323307,35546,61791,80561,24185,23952,29235,17939,26843,16278,6976,222819,67894,22631,22631,6466,12672,3233,12932,19398,6466,6466,3233,25865,3233,3233,6466,100488,"0.3108","0.2800","0.0900",355638,220496,81797,32007,35564,"33.0",1724,690,69,25,290976,264788,"0.8190",1151,1105,58,806,161,645,"0.8700","401.13",5,880,686,"0.7800",103125,46999,39060,30420,27500,17187,59015,363,254,188,"0.6997","0.7402","101.03","2.50",41969.43300000002,"-0.0776","-0.0280","0.1739","-0.0593"
"FIN-LOC001-202202","LOC001","Downtown Dental","2022-02-01",2022,2,"2022-02",323271,32406,56631,88093,25421,22244,34923,16675,24414,15416,7047,222925,64654,22629,19396,6465,12800,3233,12931,19396,9698,6465,3233,22629,9698,3233,6465,100346,"0.3104","0.2700","0.0800",355598,209803,71120,39116,28448,"33.0",1724,655,86,29,290944,285125,"0.8820",1138,1104,34,797,191,606,"0.7800","405.61",5,880,669,"0.7600",101451,54075,35986,31903,28074,14994,56787,375,244,207,"0.6507","0.8484","101.02","2.50",62200.022,"-0.0001","-0.0637","-0.0014","0.0649"
"FIN-LOC001-202203","LOC001","Downtown Dental","2022-03-01",2022,3,"2022-03",361857,33191,76864,89093,30746,25680,37035,16421,31025,15722,6079,259120,79609,32567,18093,3619,13056,7237,10856,25330,14474,10856,3619,21711,7237,3619,7237,102737,"0.2839","0.3100","0.0600",361857,224351,75990,36186,18093,"30.0",1930,714,58,26,325671,302874,"0.8370",1645,1596,115,1152,265,887,"0.7900","314.11",5,880,713,"0.8100",111430,51345,44135,35323,26219,18390,75015,415,257,193,"0.6193","0.7510","113.08","2.14",43754.30900000001,"0.1194","-0.1281","0.0238","-0.2701"
"FIN-LOC001-202204","LOC001","Downtown Dental","2022-04-01",2022,4,"2022-04",389797,40656,74343,107449,28498,25207,37171,19941,31286,17811,7434,273837,74061,35082,27286,3898,12672,3898,11694,23388,15592,15592,3898,31184,7796,3898,3898,115960,"0.2975","0.2800","0.0800",571702,337304,125774,45736,57170,"44.0",2079,748,83,30,350817,343801,"0.8820",1382,1285,97,967,164,803,"0.7700","403.10",5,880,713,"0.8100",100352,60211,51474,41715,29594,21448,85004,358,254,221,"0.7095","0.8701","121.81","2.50",69963.95399999997,"0.0772","0.0122","0.1287","0.0125"
"FIN-LOC001-202205","LOC001","Downtown Dental","2022-05-01",2022,5,"2022-05",421598,39060,91560,92400,36288,29694,44100,23730,38640,18900,7224,295400,88536,25296,29512,4216,12928,12648,16864,29512,12648,12648,4216,29512,8432,4216,4216,126198,"0.2993","0.2700","0.0800",449705,278817,98935,53965,40473,"32.0",2249,855,112,36,379438,364261,"0.8640",1771,1700,142,1240,285,955,"0.8400","340.00",5,880,678,"0.7700",132183,66703,46019,42429,36554,21011,76699,620,446,392,"0.7194","0.8789","131.75","2.14",68860.67200000002,"0.0816","-0.0105","0.0883","-0.0444"
"FIN-LOC001-202206","LOC001","Downtown Dental","2022-06-01",2022,6,"2022-06",389346,38803,73725,111558,27007,23088,38027,21535,27007,21924,6674,281319,73976,38935,31148,7787,12672,11680,11680,19467,15574,7787,3893,35041,3893,3893,3893,108027,"0.2775","0.2900","0.1000",558063,340418,133935,61387,44645,"43.0",2077,706,62,33,350411,336395,"0.8640",1307,1255,78,915,183,732,"0.8100","425.51",5,880,730,"0.8300",123981,55166,43678,36777,33062,21611,75071,284,202,154,"0.7113","0.7624","121.67","3.00",55075.94400000002,"-0.0765","0.1550","-0.1440","0.0960"
"FIN-LOC001-202207","LOC001","Downtown Dental","2022-07-01",2022,7,"2022-07",430252,45108,80098,115931,32714,30985,36676,18127,38110,22975,9527,301199,94655,38723,30118,4303,12928,4303,17210,12908,17210,8605,4303,34420,8605,4303,8605,129053,"0.2999","0.3100","0.0800",487619,277943,117029,48762,39010,"34.0",2295,826,69,39,387227,375610,"0.8730",2109,1961,169,1476,310,1166,"0.8500","291.50",5,880,766,"0.8700",129561,63431,48046,39138,36709,20694,92672,738,561,460,"0.7602","0.8200","134.45","5.00",74410.99599999998,"0.1051","0.1198","0.1946","-0.0583"
"FIN-LOC001-202208","LOC001","Downtown Dental","2022-08-01",2022,8,"2022-08",427695,44982,88343,110429,37282,24963,42145,19046,30150,22896,7456,299102,85539,25662,34216,4277,12544,4277,21385,25662,8554,12831,4277,38493,8554,4277,8554,128593,"0.3007","0.2600","0.0900",598773,335313,125742,65865,59877,"42.0",2281,912,114,40,384926,357981,"0.8370",1435,1335,100,1004,191,813,"0.9000","425.99",5,880,695,"0.7900",137747,67077,42163,42722,34177,22359,81451,452,339,264,"0.7500","0.7788","133.65","2.50",58878.715000000026,"-0.0059","0.1615","-0.0036","0.1815"
"FIN-LOC001-202209","LOC001","Downtown Dental","2022-09-01",2022,9,"2022-09",319330,33404,68093,73874,25695,19785,30192,18469,27751,16220,5846,220109,60673,25546,19160,3193,12544,3193,15967,15967,9580,9580,3193,28740,6387,3193,3193,99221,"0.3107","0.2700","0.0700",425773,272495,102186,46835,25546,"40.0",1703,562,68,30,287397,258657,"0.8100",1371,1289,82,960,230,730,"0.7800","332.64",5,880,686,"0.7800",96558,43592,41998,35623,24999,15937,60622,336,235,169,"0.6994","0.7191","99.79","3.00",38548.30000000002,"-0.2534","-0.1260","-0.2284","-0.1085"
"FIN-LOC001-202210","LOC001","Downtown Dental","2022-10-01",2022,10,"2022-10",333722,37683,68754,80984,28031,22444,29088,17354,23271,18511,7603,233184,70082,26698,20023,6674,12928,3337,13349,13349,6674,13349,3337,26698,3337,3337,10012,100538,"0.3013","0.2900","0.0800",367094,216585,84432,33038,25697,"33.0",1780,676,53,37,300350,294343,"0.8820",1192,1144,24,834,175,659,"0.9000","400.15",5,880,766,"0.8700",89741,55962,45576,37644,27158,14453,63188,359,248,216,"0.6908","0.8710","104.29","3.75",61158.804000000004,"0.0451","0.0033","0.0133","0.2475"
"FIN-LOC001-202211","LOC001","Downtown Dental","2022-11-01",2022,11,"2022-11",356906,37950,69455,89504,29787,24309,33653,15395,30360,20407,6086,244915,67812,32122,24983,3569,12928,3569,14276,17845,10707,7138,3569,24983,7138,3569,10707,111991,"0.3138","0.2800","0.0800",428287,269821,85657,38546,25697,"36.0",1903,666,38,25,321215,295518,"0.8280",1428,1371,43,1000,240,760,"0.8200","356.91",5,880,669,"0.7600",119708,47661,37686,41380,26602,16626,67243,490,353,304,"0.7204","0.8612","111.53","3.00",50603.16800000006,"0.0695","0.0203","0.1139","0.0577"
"FIN-LOC001-202212","LOC001","Downtown Dental","2022-12-01",2022,12,"2022-12",373542,40549,71245,96635,29711,27058,33728,18190,28195,20274,7958,266680,70973,29883,22413,3735,12672,11206,14942,18677,14942,7471,3735,33619,11206,3735,7471,106862,"0.2861","0.2700","0.0700",448250,282398,112063,40343,35860,"36.0",1992,717,100,40,336188,295845,"0.7920",1389,1278,28,972,204,768,"0.8600","384.30",5,880,651,"0.7400",99362,53108,47968,41877,27106,18083,86038,437,284,202,"0.6499","0.7113","116.73","3.00",29165.263999999966,"0.0466","0.0657","-0.0458","0.2484"
"FIN-LOC001-202301","LOC001","Downtown Dental","2023-01-01",2023,1,"2023-01",295638,27840,66456,68850,25864,20326,27540,16015,21553,15866,5328,199051,59128,17738,17738,2956,12800,5913,11826,11826,8869,11826,2956,26607,2956,2956,2956,96587,"0.3267","0.2600","0.0700",344911,210396,82779,31042,17246,"35.0",1577,583,79,29,266074,234145,"0.7920",1052,978,42,736,140,596,"0.8200","401.68",5,880,739,"0.8400",80091,47326,35677,34585,24998,15320,57641,243,173,125,"0.7119","0.7225","92.39","3.75",35094.296,"-0.2086","-0.0856","-0.0962","-0.0388"
"FIN-LOC001-202302","LOC001","Downtown Dental","2023-02-01",2023,2,"2023-02",313537,28597,61692,79525,26219,20468,33417,13977,28790,13977,6876,232146,65843,21948,18812,6271,12672,6271,12541,12541,12541,12541,3135,28218,9406,3135,6271,81391,"0.2596","0.2800","0.0800",418049,238288,96151,37624,33444,"40.0",1672,669,84,33,282183,256787,"0.8190",1211,1163,48,848,127,721,"0.8300","369.74",5,880,669,"0.7600",94351,45361,32297,29334,26612,17237,68344,297,217,189,"0.7306","0.8710","97.98","3.75",24640.802999999985,"0.0605","-0.0301","-0.1573","-0.1889"
"FIN-LOC001-202303","LOC001","Downtown Dental","2023-03-01",2023,3,"2023-03",370791,32013,70806,85683,31336,28209,42182,19773,33143,21091,6553,268391,70450,33371,25955,7416,12544,7416,18540,18540,14832,11124,3708,29663,3708,3708,7416,102400,"0.2762","0.2800","0.0900",482028,289217,106046,48203,24101,"39.0",1978,771,99,32,333712,310352,"0.8370",1301,1249,52,911,155,756,"0.7900","407.02",5,880,669,"0.7600",123124,53167,47907,36564,29251,16603,64174,374,299,251,"0.7995","0.8395","115.87","3.00",41961.06700000004,"0.1826","0.0247","0.2581","-0.0033"
"FIN-LOC001-202304","LOC001","Downtown Dental","2023-04-01",2023,4,"2023-04",420944,43716,89884,103163,29090,30315,43308,17568,33339,23288,7272,286285,79979,25257,33676,4209,12672,8419,16838,16838,12628,8419,4209,37885,12628,4209,8419,134659,"0.3199","0.2500","0.0900",547227,350225,136807,60195,32834,"39.0",2245,876,45,39,378850,367484,"0.8730",1467,1394,59,1027,185,842,"0.8300","409.88",5,880,739,"0.8400",135235,58642,53615,45477,35424,21542,71008,421,265,223,"0.6295","0.8415","131.54","3.75",81199.11200000002,"0.1353","0.0799","0.3150","0.1613"
"FIN-LOC001-202305","LOC001","Downtown Dental","2023-05-01",2023,5,"2023-05",445023,51694,88748,107505,32206,32983,40714,23102,37329,21958,8783,306257,93455,26701,26701,8900,12544,13351,17801,22251,13351,17801,4450,26701,8900,4450,8900,138766,"0.3118","0.2700","0.0800",489525,279029,112591,48953,44057,"33.0",2373,759,119,38,400521,388505,"0.8730",1759,1636,123,1231,246,985,"0.8500","361.51",5,880,660,"0.7500",115428,64425,60667,46082,34718,23488,100216,369,240,204,"0.6504","0.8500","139.07","3.00",82248.07900000003,"0.0572","0.0556","0.0305","0.0996"
"FIN-LOC001-202306","LOC001","Downtown Dental","2023-06-01",2023,6,"2023-06",334813,36704,76775,75765,26130,21686,30306,16163,30441,14985,5859,227080,66963,20089,20089,6696,12800,3348,16741,13393,10044,10044,3348,33481,3348,3348,3348,107733,"0.3218","0.2600","0.0800",424096,233253,93301,42410,33928,"38.0",1786,679,36,28,301332,274212,"0.8190",1425,1325,57,997,150,847,"0.7800","335.82",5,880,625,"0.7100",89616,53770,37955,39009,29239,15639,69584,479,321,266,"0.6701","0.8287","104.63","3.75",47131.84700000001,"-0.2477","-0.1401","-0.2236","-0.0027"
"FIN-LOC001-202307","LOC001","Downtown Dental","2023-07-01",2023,7,"2023-07",407970,36537,88331,96361,34048,30635,44166,18670,33726,17064,8432,277983,77514,32638,28558,4080,12800,4080,20399,28558,12239,12239,4080,28558,4080,4080,4080,129987,"0.3186","0.2700","0.0800",475965,276060,99953,42837,33318,"35.0",2176,675,65,28,367173,330456,"0.8100",1638,1572,115,1147,287,860,"0.7600","355.68",5,880,642,"0.7300",124876,60583,46489,35443,36927,23698,79954,528,322,280,"0.6098","0.8696","127.49","2.14",52472.70000000001,"0.2185","-0.0518","0.2066","0.0072"
"FIN-LOC001-202308","LOC001","Downtown Dental","2023-08-01",2023,8,"2023-08",350286,38647,61836,96619,27826,25332,34431,15108,25859,18445,6184,240616,70057,31526,28023,3503,12928,3503,14011,10509,10509,7006,3503,31526,7006,3503,3503,109670,"0.3131","0.2900","0.0900",350286,196160,70057,38531,31526,"30.0",1868,598,75,27,315257,302647,"0.8640",1491,1446,45,1044,188,856,"0.7700","335.52",5,880,642,"0.7300",101290,56272,45427,29671,24009,15176,78440,512,410,349,"0.8008","0.8512","109.46","5.00",62031.10399999999,"-0.1414","-0.1810","-0.1563","-0.1472"
"FIN-LOC001-202309","LOC001","Downtown Dental","2023-09-01",2023,9,"2023-09",396413,43399,81468,92317,33196,29313,40734,17512,30760,19415,8299,310109,83247,31713,31713,7928,12800,11892,19821,15857,15857,11892,3964,39641,7928,3964,11892,86304,"0.2177","0.2900","0.1000",436054,257272,87211,39245,26163,"33.0",2114,846,85,33,356772,346069,"0.8730",1709,1658,103,1196,191,1005,"0.7900","331.45",5,880,766,"0.8700",119769,56102,46395,42444,32947,21432,77324,431,323,271,"0.7494","0.8390","123.88","3.75",35959.549,"0.1317","0.2414","-0.2131","-0.1302"
"FIN-LOC001-202310","LOC001","Downtown Dental","2023-10-01",2023,10,"2023-10",349184,34190,67013,90604,30361,23215,38293,16069,25164,17437,6838,236279,62853,24443,17459,3492,12800,6984,17459,20951,6984,10476,3492,34918,3492,3492,6984,112905,"0.3233","0.2500","0.0600",430660,275622,90439,51679,38759,"37.0",1862,745,56,30,314266,298552,"0.8550",1343,1289,54,940,197,743,"0.8100","371.47",5,880,660,"0.7500",106496,50688,40141,32768,28126,16555,74411,291,207,159,"0.7113","0.7681","109.12","2.50",62273.32000000001,"-0.1191","0.0463","0.3082","0.1230"
"FIN-LOC001-202311","LOC001","Downtown Dental","2023-11-01",2023,11,"2023-11",390269,41263,66807,96280,34582,29709,45193,19846,31753,18077,6759,285731,85859,35124,19513,7805,12544,7805,15611,19513,15611,11708,3903,27319,7805,3903,11708,104538,"0.2679","0.3100","0.0700",442305,265383,110576,39807,35384,"34.0",2081,728,83,26,351242,323143,"0.8280",1314,1261,39,920,156,764,"0.7600","424.21",5,880,695,"0.7900",118894,62390,46616,36884,33274,18442,73769,432,341,266,"0.7894","0.7801","121.96","3.00",37411.73200000002,"0.1177","0.0935","-0.0741","-0.0665"
"FIN-LOC001-202312","LOC001","Downtown Dental","2023-12-01",2023,12,"2023-12",324661,28329,74445,71645,28988,22828,30635,17953,25298,18282,6259,252792,71425,29219,25973,6493,12544,9740,12986,16233,12986,9740,3247,29219,3247,3247,6493,71869,"0.2214","0.3100","0.1000",432881,238085,90905,51946,38959,"40.0",1732,572,69,32,292195,260053,"0.8010",1160,1079,70,812,187,625,"0.7800","399.83",5,880,625,"0.7100",102650,50867,38860,28107,24440,14970,64767,244,146,130,"0.5984","0.8904","101.46","3.00",7261.46100000001,"-0.1681","-0.1309","-0.3125","-0.3275"
"FIN-LOC001-202401","LOC001","Downtown Dental","2024-01-01",2024,1,"2024-01",346581,35841,75700,85414,25189,23447,31151,17418,30012,16245,6163,251813,76248,31192,17329,6932,12672,6932,10397,13863,10397,13863,3466,31192,6932,3466,6932,94768,"0.2734","0.3100","0.0700",346581,225278,79714,34658,24261,"30.0",1848,721,55,34,311923,296327,"0.8550",1284,1220,39,899,171,728,"0.8300","385.52",5,880,748,"0.8500",93612,61501,41363,34469,28737,19412,67488,414,261,235,"0.6304","0.9004","108.31","3.75",44513.755000000005,"0.0675","0.1723","0.3186","-0.0188"
"FIN-LOC001-202402","LOC001","Downtown Dental","2024-02-01",2024,2,"2024-02",304809,25503,59408,84761,24723,20163,29404,12752,25923,16052,6121,223245,64010,30481,21337,6096,12928,3048,12192,15240,6096,12192,3048,24385,3048,3048,6096,81564,"0.2676","0.3100","0.0900",406412,235719,93475,36577,36577,"40.0",1626,488,33,26,274328,255125,"0.8370",1398,1314,70,979,206,773,"0.8600","311.35",5,880,722,"0.8200",93792,49964,34712,28050,22907,14025,61359,382,233,172,"0.6099","0.7382","95.25","3.00",31880.13300000006,"-0.1205","-0.0278","-0.1393","0.0021"
"FIN-LOC001-202403","LOC001","Downtown Dental","2024-03-01",2024,3,"2024-03",373501,33378,75558,96282,26702,29270,38513,20540,26702,19440,7116,240891,70965,22410,22410,3735,13056,11205,14940,14940,11205,11205,3735,22410,7470,3735,7470,132610,"0.3550","0.2500","0.0700",448201,255475,107568,44820,40338,"36.0",1992,677,80,29,336151,299174,"0.8010",1275,1199,64,893,214,679,"0.8800","418.25",5,880,766,"0.8700",110126,55619,39156,38933,27884,17242,84541,384,292,254,"0.7604","0.8699","116.72","3.75",58283.301000000036,"0.2254","0.0073","0.6258","0.2950"
"FIN-LOC001-202404","LOC001","Downtown Dental","2024-04-01",2024,4,"2024-04",388759,43704,70916,87614,31005,27418,45765,20203,35293,18347,8493,277414,77752,38876,23326,7775,13056,7775,11663,27213,11663,7775,3888,34988,3888,3888,3888,111345,"0.2864","0.3000","0.0800",427635,243752,98356,47040,25658,"33.0",2073,684,104,34,349883,328890,"0.8460",1751,1663,53,1226,294,932,"0.9000","317.10",5,880,766,"0.8700",115382,59405,40213,33891,33815,20754,85299,392,278,200,"0.7092","0.7194","121.49","2.14",51476.114,"0.0409","-0.0765","-0.1604","-0.1731"
"FIN-LOC001-202405","LOC001","Downtown Dental","2024-05-01",2024,5,"2024-05",403794,36281,94826,93795,34302,30015,37518,18965,31004,17934,9153,283345,80759,32304,32304,4038,12800,8076,20190,16152,12114,12114,4038,24228,12114,4038,8076,120449,"0.2983","0.2800","0.0900",430714,258428,103371,34457,38764,"32.0",2154,732,43,31,363415,348878,"0.8640",1432,1375,100,1002,150,852,"0.8300","402.99",5,880,669,"0.7600",138143,55624,44988,42380,30970,18338,73350,451,334,271,"0.7406","0.8114","126.19","3.75",65533.016,"0.0387","-0.0926","0.0818","-0.1320"
"FIN-LOC001-202406","LOC001","Downtown Dental","2024-06-01",2024,6,"2024-06",370164,32403,70697,104941,27395,23713,36821,16201,29752,20068,8174,264382,77734,25911,25911,3702,12672,7403,14807,25911,11105,7403,3702,29613,7403,3702,7403,105782,"0.2858","0.2800","0.0800",419519,234931,88099,46147,25171,"34.0",1974,730,59,29,333148,326485,"0.8820",1392,1308,42,974,205,769,"0.7500","380.05",5,880,651,"0.7400",121784,49052,43752,39467,29469,17478,69161,380,255,204,"0.6711","0.8000","115.68","2.14",62102.648000000045,"-0.0833","0.1056","-0.1218","-0.0181"
"FIN-LOC001-202407","LOC001","Downtown Dental","2024-07-01",2024,7,"2024-07",408747,44578,78869,92157,37377,31205,41149,23146,30862,20146,9259,294706,73574,36787,32700,4087,12672,8175,16350,28612,16350,8175,4087,32700,8175,4087,8175,114041,"0.2790","0.2700","0.0900",422372,249199,88698,46461,25342,"31.0",2180,850,109,39,367872,342121,"0.8370",1919,1823,115,1343,282,1061,"0.7800","304.35",5,880,713,"0.8100",131289,59677,49174,41376,28963,18699,79569,564,378,325,"0.6702","0.8598","127.73","2.14",47415.239,"0.1042","0.0019","0.0781","-0.1227"
"FIN-LOC001-202408","LOC001","Downtown Dental","2024-08-01",2024,8,"2024-08",439691,51402,80969,103486,35299,31842,48673,19333,39302,20925,8461,329251,92335,35175,26381,8794,12672,13191,21985,21985,8794,8794,4397,43969,13191,4397,13191,110440,"0.2512","0.2900","0.0800",644880,367582,135425,70937,64488,"44.0",2345,750,94,39,395722,364064,"0.8280",2036,1975,122,1425,242,1183,"0.8800","308.56",5,880,766,"0.8700",118427,71812,53922,46615,34268,22258,92390,499,319,249,"0.6393","0.7806","137.40","3.00",34813.148000000045,"0.0757","0.2552","-0.0316","0.0070"
"FIN-LOC001-202409","LOC001","Downtown Dental","2024-09-01",2024,9,"2024-09",376080,34892,76537,100361,33916,22586,34892,19509,26413,20447,6528,253749,82738,30086,22565,7522,13056,7522,11282,11282,7522,7522,3761,33847,7522,3761,3761,122331,"0.3253","0.3000","0.0800",551584,314403,132380,66190,55158,"44.0",2006,642,40,37,338472,335087,"0.8910",1486,1441,89,1040,208,832,"0.8300","361.62",5,880,748,"0.8500",114098,53172,44753,40987,26881,20124,76065,458,362,300,"0.7904","0.8287","117.53","5.00",81338.27999999997,"-0.1447","-0.0513","0.1077","0.4174"
"FIN-LOC001-202410","LOC001","Downtown Dental","2024-10-01",2024,10,"2024-10",355489,40120,65911,90448,28084,24323,36896,15403,30376,16120,7809,261900,71098,24884,24884,3555,13056,10665,14220,17774,10665,10665,3555,31994,10665,3555,10665,93589,"0.2633","0.2700","0.0800",509534,321006,101907,50953,35667,"43.0",1896,739,57,37,319940,294345,"0.8280",1526,1450,122,1068,224,844,"0.8200","332.85",5,880,625,"0.7100",112812,48984,43937,37274,27708,14184,70590,470,296,213,"0.6298","0.7196","111.09","3.00",32444.89200000005,"-0.0548","0.0181","-0.2350","-0.1711"
"FIN-LOC001-202411","LOC001","Downtown Dental","2024-11-01",2024,11,"2024-11",371717,43114,66630,83287,30728,23869,43114,17637,35745,20381,7212,276463,78061,26020,26020,7434,12544,7434,14869,26020,11152,7434,3717,37172,11152,3717,3717,95254,"0.2563","0.2800","0.0900",446060,258715,93673,49067,26764,"36.0",1982,654,40,27,334545,317818,"0.8550",1413,1328,85,989,218,771,"0.8700","375.85",5,880,766,"0.8700",97900,56919,47812,40981,26410,16696,84999,356,231,162,"0.6489","0.7013","116.16","2.14",41355.034999999974,"0.0456","-0.0475","0.0178","-0.0888"
"FIN-LOC001-202412","LOC001","Downtown Dental","2024-12-01",2024,12,"2024-12",365300,36126,66754,92277,29843,29411,34162,20811,29529,17670,8717,239158,65754,32877,18265,3653,12672,3653,10959,21918,7306,10959,3653,25571,7306,3653,10959,126142,"0.3453","0.2700","0.0600",365300,230139,87672,36530,29224,"30.0",1948,721,78,25,328770,322195,"0.8820",1624,1527,97,1137,205,932,"0.8300","321.28",5,880,625,"0.7100",114770,54800,41772,35844,30054,15682,72378,512,348,292,"0.6797","0.8391","114.16","2.50",83036.59999999998,"-0.0173","0.1252","0.3243","0.7552"
"FIN-LOC001-202501","LOC001","Downtown Dental","2025-01-01",2025,1,"2025-01",373027,36471,73701,92127,27049,27657,37610,17666,32520,19565,8662,266714,67145,33572,22382,3730,13056,7461,18651,26112,14921,11191,3730,29842,3730,3730,7461,106313,"0.2850","0.2700","0.0700",509804,310980,107059,45882,25490,"41.0",1989,696,60,26,335724,329010,"0.8820",1629,1580,98,1140,262,878,"0.8800","327.22",5,880,625,"0.7100",116549,56728,45382,39537,24754,16503,73574,353,229,195,"0.6487","0.8515","116.57","2.14",62295.813999999955,"0.0212","0.0763","-0.1572","0.1218"
"FIN-LOC001-202502","LOC001","Downtown Dental","2025-02-01",2025,2,"2025-02",324513,34252,66547,73397,28967,20094,33926,16474,28184,16147,6524,220360,64903,25961,16226,6490,12672,6490,9735,12981,12981,9735,3245,25961,6490,3245,3245,104153,"0.3210","0.2800","0.0700",356964,214178,74962,28557,28557,"33.0",1731,640,52,38,292062,262856,"0.8100",1417,1304,28,992,238,754,"0.8400","327.13",5,880,730,"0.8300",96583,44112,38262,31266,26994,17335,69961,456,287,241,"0.6294","0.8397","101.41","3.75",42495.53000000003,"-0.1301","0.0646","-0.0203","0.2769"
"FIN-LOC001-202503","LOC001","Downtown Dental","2025-03-01",2025,3,"2025-03",398561,43422,82233,95106,35352,26092,35737,18253,35352,18637,8377,267881,71741,27899,23914,3986,12800,3986,15942,23914,11957,11957,3986,31885,11957,3986,7971,130680,"0.3279","0.2500","0.0700",557985,345951,111597,50219,39059,"42.0",2126,680,85,38,358705,344357,"0.8640",1689,1588,101,1182,213,969,"0.7700","337.19",5,880,660,"0.7500",123417,57220,46225,40017,27526,21130,83026,591,355,305,"0.6007","0.8592","124.55","2.50",76475.70400000003,"0.2282","0.0671","0.2547","-0.0146"
"FIN-LOC001-202504","LOC001","Downtown Dental","2025-04-01",2025,4,"2025-04",388499,32467,84119,104227,29220,24535,35050,21030,33057,18447,6346,276980,81585,34965,19425,3885,12800,7770,11655,23310,11655,15540,3885,27195,7770,3885,11655,111519,"0.2871","0.3000","0.0600",388499,229214,81585,34965,19425,"30.0",2072,622,83,27,349649,321677,"0.8280",1653,1587,50,1157,231,926,"0.8300","335.78",5,880,730,"0.8300",130198,49681,43856,33120,29237,17893,84514,567,363,261,"0.6402","0.7190","121.41","2.50",44697.17200000002,"-0.0252","-0.0007","-0.1466","0.0016"
"FIN-LOC002-202001","LOC002","Westside Smile Center","2020-01-01",2020,1,"2020-01",208492,19365,40471,48957,18451,14622,24587,11206,16537,9465,4830,147504,43783,16679,12510,2085,9898,2085,8340,12510,6255,4170,2085,14594,4170,2085,6255,60988,"0.2925","0.2900","0.0700",208492,133435,50038,22934,12510,"30.0",1112,411,22,28,187643,178261,"0.8550",700,672,49,490,98,392,"0.7500","425.49",4,704,570,"0.8100",67173,29757,21213,21802,17284,10410,40854,186,141,121,"0.7581","0.8582","74.46","2.50",30756.660000000003,0,0,0,0
"FIN-LOC002-202002","LOC002","Westside Smile Center","2020-02-01",2020,2,"2020-02",219570,19478,46234,57258,17809,16332,20977,9632,17809,10274,3767,154619,43914,15370,15370,2196,9702,4391,8783,13174,6587,6587,2196,19761,2196,2196,2196,64951,"0.2958","0.2700","0.0800",219570,129546,48305,24153,13174,"30.0",1171,445,35,40,197613,193661,"0.8820",1056,1014,32,739,177,562,"0.8900","297.12",4,704,563,"0.8000",64357,35649,24733,19349,18171,9359,47952,281,171,140,"0.6085","0.8187","78.42","2.50",39041.73999999999,"0.0531",0,"0.0650",0
"FIN-LOC002-202003","LOC002","Westside Smile Center","2020-03-01",2020,3,"2020-03",249267,23993,51151,59983,18984,17534,24521,14765,19195,13974,5168,177005,49853,22434,14956,2493,9996,2493,9971,12463,7478,7478,2493,19941,4985,2493,7478,72262,"0.2899","0.2900","0.0700",373901,220602,82258,33651,33651,"45.0",1329,478,40,37,224340,197419,"0.7920",884,866,27,619,142,477,"0.8600","402.69",4,704,500,"0.7100",73784,33310,28081,27221,20249,12656,53965,254,155,115,"0.6102","0.7419","89.02","3.00",20414.464000000007,"0.1353",0,"0.1126",0
"FIN-LOC002-202004","LOC002","Westside Smile Center","2020-04-01",2020,4,"2020-04",282993,27491,52761,79836,19327,21965,25825,12913,24214,12496,6165,205263,62258,19810,22639,5660,9996,8490,11320,8490,8490,8490,2830,19810,8490,2830,5660,77730,"0.2747","0.2900","0.1000",292426,175456,61409,26318,14621,"31.0",1509,483,45,29,254694,247053,"0.8730",1281,1191,38,897,170,727,"0.7700","315.49",4,704,514,"0.7300",88772,40238,34513,27931,23230,15763,52544,368,272,231,"0.7391","0.8493","101.07","5.00",41789.888999999996,"0.1353",0,"0.0757",0
"FIN-LOC002-202005","LOC002","Westside Smile Center","2020-05-01",2020,5,"2020-05",245490,27752,46518,56826,19030,16651,26695,15198,19665,12555,4599,176539,46643,17184,17184,4910,9604,4910,9820,9820,7365,9820,2455,24549,4910,2455,4910,68951,"0.2809","0.2600","0.0900",310954,183463,74629,27986,27986,"38.0",1309,432,52,29,220941,212103,"0.8640",1131,1063,34,792,135,657,"0.7900","309.96",4,704,627,"0.8900",78003,32098,30373,24160,19880,10815,50161,238,186,145,"0.7815","0.7796","87.67","3.75",35564.359999999986,"-0.1325",0,"-0.1129",0
"FIN-LOC002-202006","LOC002","Westside Smile Center","2020-06-01",2020,6,"2020-06",236975,25824,49140,53277,17049,15619,25573,12410,22263,10655,5165,170750,49765,18958,14219,4740,9604,4740,7109,14219,9479,4740,2370,18958,2370,2370,7109,66225,"0.2795","0.2900","0.0800",292269,172439,64299,29227,23382,"37.0",1264,493,38,35,213278,189817,"0.8010",1128,1094,90,790,150,640,"0.8100","299.97",4,704,577,"0.8200",70706,31708,27116,24298,17300,13364,52483,316,246,214,"0.7785","0.8699","84.63","2.50",19066.975000000006,"-0.0347",0,"-0.0395",0
"FIN-LOC002-202007","LOC002","Westside Smile Center","2020-07-01",2020,7,"2020-07",268035,26554,53109,58858,23653,22037,30387,12730,21025,14920,4763,181439,53607,18762,16082,2680,9898,5361,10721,10721,8041,5361,2680,26804,5361,2680,2680,86596,"0.3231","0.2700","0.0700",294839,173955,64865,32432,23587,"33.0",1430,529,72,40,241232,219521,"0.8190",968,929,77,678,163,515,"0.7700","395.33",4,704,612,"0.8700",76178,39359,36227,27368,21894,13966,53043,305,195,142,"0.6393","0.7282","95.73","3.75",38081.66500000001,"0.1311",0,"0.3076",0
"FIN-LOC002-202008","LOC002","Westside Smile Center","2020-08-01",2020,8,"2020-08",213853,20719,43574,57671,16404,14354,19437,10146,16746,10359,4443,153083,42771,12831,12831,2139,9800,4277,8554,12831,8554,8554,2139,14970,6416,2139,4277,60770,"0.2842","0.2600","0.0700",299394,164667,68861,32933,26945,"42.0",1141,377,34,25,192468,182844,"0.8550",922,904,18,645,129,516,"0.7800","331.56",4,704,605,"0.8600",68277,31371,22882,20299,16075,11072,43878,297,205,170,"0.6902","0.8293","76.38","2.50",29761.315000000002,"-0.2021",0,"-0.2982",0
"FIN-LOC002-202009","LOC002","Westside Smile Center","2020-09-01",2020,9,"2020-09",247519,23667,50355,60426,21955,18682,23919,12085,19739,11959,4733,177916,49504,22277,12376,4950,9604,4950,12376,14851,4950,7426,2475,19802,4950,2475,4950,69603,"0.2812","0.2900","0.0700",346527,221777,83166,34653,24257,"42.0",1320,528,53,26,222767,196035,"0.7920",1006,956,60,704,141,563,"0.8100","351.59",4,704,514,"0.7300",68568,44413,29920,24155,19947,13765,46751,225,140,102,"0.6222","0.7286","88.40","2.50",18119.04800000001,"0.1574",0,"0.1454",0
"FIN-LOC002-202010","LOC002","Westside Smile Center","2020-10-01",2020,10,"2020-10",231491,19861,48497,57157,17182,18429,23325,13163,19029,9815,5034,160368,46298,16204,13889,2315,9898,4630,11575,9260,6945,9260,2315,18519,2315,2315,4630,71123,"0.3072","0.2700","0.0700",300938,186582,69216,33103,27084,"39.0",1235,371,62,35,208342,197925,"0.8550",785,754,24,550,121,429,"0.8000","420.89",4,704,605,"0.8600",75686,31025,27002,25001,20729,12046,40002,275,212,161,"0.7709","0.7594","82.68","3.75",37556.80499999999,"-0.0648",0,"0.0218",0
"FIN-LOC002-202011","LOC002","Westside Smile Center","2020-11-01",2020,11,"2020-11",259309,26937,52225,60471,22209,16547,28036,15118,19131,13468,5167,181140,57048,15559,20745,5186,9996,2593,10372,15559,7779,7779,2593,15559,5186,2593,2593,78169,"0.3015","0.2800","0.1000",354389,219721,74422,38983,28351,"41.0",1383,415,41,30,233378,217042,"0.8370",1123,1067,79,786,173,613,"0.8100","329.91",4,704,627,"0.8900",81427,37321,33174,24629,19301,12692,50766,330,211,184,"0.6394","0.8720","92.61","2.50",35901.63300000003,"0.1202",0,"0.0991",0
"FIN-LOC002-202012","LOC002","Westside Smile Center","2020-12-01",2020,12,"2020-12",219831,20587,43775,49302,18724,16838,24272,11377,19071,11377,4508,150493,43966,17586,13190,4397,9800,4397,10992,10992,6595,4397,2198,13190,4397,2198,2198,69338,"0.3154","0.2800","0.0800",219831,140692,46165,21983,13190,"30.0",1172,445,47,27,197848,178063,"0.8100",817,760,41,572,114,458,"0.8500","384.32",4,704,556,"0.7900",64131,28099,28033,23140,15162,11901,49366,212,167,135,"0.7877","0.8084","78.51","3.00",27570.109999999986,"-0.1522",0,"-0.1130",0
"FIN-LOC002-202101","LOC002","Westside Smile Center","2021-01-01",2021,1,"2021-01",239329,25252,47697,59622,19640,14239,26654,11574,19640,10054,4957,158284,45473,14360,14360,4787,9898,4787,7180,14360,7180,4787,2393,16753,2393,2393,7180,81045,"0.3386","0.2500","0.0800",239329,143597,57439,21540,19146,"30.0",1276,472,26,36,215396,208934,"0.8730",1036,1005,31,725,138,587,"0.8300","330.11",4,704,563,"0.8000",79736,31090,31016,23165,19702,10729,43891,326,251,203,"0.7699","0.8088","85.47","2.50",50650.217000000004,"0.0887","0.1479","0.1688","0.3289"
"FIN-LOC002-202102","LOC002","Westside Smile Center","2021-02-01",2021,2,"2021-02",235994,21856,45745,55275,19721,16900,23635,12961,22974,11436,5489,170376,47199,18880,14160,4720,9898,4720,9440,9440,4720,7080,2360,23599,7080,2360,4720,65618,"0.2780","0.2800","0.0800",283193,164252,70798,28319,28319,"36.0",1259,428,38,37,212395,195403,"0.8280",811,787,49,568,114,454,"0.7600","415.48",4,704,521,"0.7400",71240,33127,31061,25884,18047,12942,43694,227,175,138,"0.7709","0.7886","84.28","3.75",25027.032000000007,"-0.0139","0.0748","-0.1904","0.0103"
"FIN-LOC002-202103","LOC002","Westside Smile Center","2021-03-01",2021,3,"2021-03",276050,28576,54378,70746,20419,21363,23860,14149,23083,13317,6159,191801,52450,19324,19324,5521,9604,5521,13803,11042,8282,11042,2761,16563,5521,2761,8282,84249,"0.3052","0.2600","0.0900",404873,230778,80975,44536,24292,"44.0",1472,559,44,36,248445,221116,"0.8010",972,914,29,680,129,551,"0.8300","405.96",4,704,570,"0.8100",84872,43660,34928,28835,20239,15097,48420,333,203,173,"0.6096","0.8522","98.59","3.75",29315.050000000017,"0.1697","0.1074","0.2839","0.1659"
"FIN-LOC002-202104","LOC002","Westside Smile Center","2021-04-01",2021,4,"2021-04",299722,35115,62772,68366,23617,18925,33561,16159,22126,13362,5718,201525,53950,17983,20981,5994,9702,2997,8992,14986,8992,11989,2997,20981,8992,2997,8992,98197,"0.3276","0.2400","0.0900",319703,179034,70335,35167,28773,"32.0",1599,608,64,37,269750,261657,"0.8730",1315,1210,79,920,147,773,"0.8700","325.78",4,704,542,"0.7700",87685,45171,39325,26571,21257,12990,66723,322,203,148,"0.6304","0.7291","107.04","3.00",60132.30599999998,"0.0858","0.0591","0.1656","0.2633"
"FIN-LOC002-202105","LOC002","Westside Smile Center","2021-05-01",2021,5,"2021-05",275729,29832,49542,75245,20669,17340,26103,15182,21734,14649,5434,186266,55146,19301,13786,5515,9800,8272,11029,8272,11029,5515,2757,22058,8272,2757,2757,89463,"0.3245","0.2700","0.0700",303302,178948,66726,33363,30330,"33.0",1471,544,59,30,248156,223340,"0.8100",938,919,28,657,131,526,"0.8700","419.68",4,704,598,"0.8500",82179,37666,32187,25396,21686,12698,63917,269,213,158,"0.7918","0.7418","98.47","5.00",37074.49000000002,"-0.0801","0.1232","-0.0889","0.2975"
"FIN-LOC002-202106","LOC002","Westside Smile Center","2021-06-01",2021,6,"2021-06",303306,30941,61319,79462,23403,20477,32066,15470,20702,13220,6244,215851,66727,27298,15165,3033,9604,6066,12132,12132,6066,9099,3033,27298,9099,3033,6066,87455,"0.2883","0.3100","0.0600",333637,203519,80073,30027,26691,"33.0",1618,647,49,40,272975,267516,"0.8820",1199,1127,36,839,201,638,"0.7600","361.51",4,704,549,"0.7800",96877,42553,33681,27464,27282,15090,60359,285,177,140,"0.6211","0.7910","108.32","3.75",51664.89199999999,"0.1000","0.2799","-0.0224","0.3206"
"FIN-LOC002-202107","LOC002","Westside Smile Center","2021-07-01",2021,7,"2021-07",267216,27798,54517,66797,19864,21348,24560,13090,19216,14574,5452,183389,56115,21377,18705,5344,9702,5344,8016,13361,5344,8016,2672,18705,2672,2672,5344,83827,"0.3137","0.2900","0.0900",276123,165674,66270,33135,27612,"31.0",1425,442,29,31,240494,235685,"0.8820",1215,1142,49,851,153,698,"0.7500","314.00",4,704,507,"0.7200",81834,40516,27278,26743,24390,15110,51347,366,289,220,"0.7896","0.7612","95.43","3.00",52295.51199999999,"-0.1190","-0.0031","-0.0415","-0.0320"
"FIN-LOC002-202108","LOC002","Westside Smile Center","2021-08-01",2021,8,"2021-08",259851,29699,54582,57525,22689,17418,25418,12174,20976,14181,5191,191799,51970,23387,18190,2599,9898,7796,10394,18190,7796,7796,2599,18190,2599,2599,7796,68052,"0.2619","0.2900","0.0800",389777,237764,85751,38978,35080,"45.0",1386,513,55,40,233866,208141,"0.8010",966,918,77,676,108,568,"0.7600","384.39",4,704,514,"0.7300",83105,41923,27009,25476,22359,11996,47983,297,217,163,"0.7306","0.7512","92.80","2.14",16341.650999999983,"-0.0276","0.2151","-0.1882","0.1198"
"FIN-LOC002-202109","LOC002","Westside Smile Center","2021-09-01",2021,9,"2021-09",247402,23313,49245,56972,20955,20169,28289,12049,19069,11525,5815,160812,44532,14844,14844,2474,9898,4948,7422,14844,7422,7422,2474,19792,4948,2474,2474,86590,"0.3500","0.2400","0.0700",280389,182253,67293,25235,16823,"34.0",1319,514,40,31,222662,213755,"0.8640",1119,1052,45,783,149,634,"0.7900","315.97",4,704,521,"0.7400",64059,37920,31514,27244,21991,10677,53996,321,215,172,"0.6698","0.8000","88.36","2.50",52943.32800000001,"-0.0479","-0.0005","0.2724","0.2441"
"FIN-LOC002-202110","LOC002","Westside Smile Center","2021-10-01",2021,10,"2021-10",278299,27406,63062,65567,20274,18565,25932,16650,22867,12671,5304,190793,52877,25047,16698,5566,9898,5566,8349,16698,8349,8349,2783,22264,2783,2783,2783,87506,"0.3144","0.2800","0.0800",315406,192398,69389,34695,18924,"34.0",1484,564,74,28,250469,225422,"0.8100",1300,1261,39,910,209,701,"0.8200","305.82",4,704,535,"0.7600",84272,44742,30929,31276,22936,13176,50968,337,206,159,"0.6113","0.7718","99.39","2.50",34629.19,"0.1249","0.2022","0.0106","0.2303"
"FIN-LOC002-202111","LOC002","Westside Smile Center","2021-11-01",2021,11,"2021-11",254071,26012,54913,66233,17534,17028,22881,11922,18883,13608,5058,175044,50814,25407,15244,2541,9898,5081,10163,10163,5081,10163,2541,17785,5081,2541,2541,79027,"0.3110","0.3000","0.0700",287947,167009,66228,25915,23036,"34.0",1355,528,27,34,228664,219517,"0.8640",1187,1104,36,831,150,681,"0.7500","305.74",4,704,598,"0.8500",84251,37652,34297,25101,17099,10935,44735,357,239,186,"0.6695","0.7782","90.74","3.75",44473.34399999998,"-0.0871","-0.0202","-0.0969","0.0110"
"FIN-LOC002-202112","LOC002","Westside Smile Center","2021-12-01",2021,12,"2021-12",239433,22189,47580,64622,19215,16973,21274,12924,17568,12009,5078,165530,52675,16760,11972,2394,9898,4789,11972,7183,7183,7183,2394,19155,4789,2394,4789,73903,"0.3087","0.2900","0.0600",263376,155392,63210,23704,21070,"33.0",1277,409,26,32,215490,206870,"0.8640",928,882,56,650,156,494,"0.7900","368.36",4,704,570,"0.8100",78495,35250,25002,22773,16862,11629,49423,267,182,153,"0.6816","0.8407","85.51","5.00",41340.111999999994,"-0.0576","0.0892","-0.0648","0.0658"
"FIN-LOC002-202201","LOC002","Westside Smile Center","2022-01-01",2022,1,"2022-01",204110,21698,39224,54767,16023,12852,18151,11371,16691,9493,3839,146455,42863,18370,14288,2041,9702,4082,8164,10206,6123,4082,2041,16329,2041,2041,4082,57655,"0.2825","0.3000","0.0800",265343,148592,61029,26534,23881,"39.0",1089,359,44,35,183699,167166,"0.8190",861,792,60,603,145,458,"0.8800","338.49",4,704,556,"0.7900",59716,32247,23648,18711,14650,10550,44588,302,227,163,"0.7517","0.7181","72.90","3.00",20711.089999999997,"-0.1475","-0.1472","-0.2199","-0.2886"
"FIN-LOC002-202202","LOC002","Westside Smile Center","2022-02-01",2022,2,"2022-02",232910,20562,44700,63698,18059,16584,25703,10728,17880,10169,4828,165750,48911,23291,11646,2329,9702,6987,9316,9316,6987,6987,2329,18633,4658,2329,2329,67160,"0.2884","0.3100","0.0600",287256,169481,57451,28726,17235,"37.0",1242,397,37,31,209619,199138,"0.8550",817,784,57,572,103,469,"0.8400","407.19",4,704,563,"0.8000",75237,33090,25358,26240,19692,11495,41798,177,131,96,"0.7401","0.7328","83.18","3.75",33388.04999999999,"0.1411","-0.0131","0.1649","0.0235"
"FIN-LOC002-202203","LOC002","Westside Smile Center","2022-03-01",2022,3,"2022-03",258202,25746,53551,65651,19361,16039,29092,11585,17919,14418,4840,174950,46476,15492,15492,5164,9702,5164,10328,18074,5164,7746,2582,20656,7746,2582,2582,83252,"0.3224","0.2400","0.0800",344269,206561,75739,30984,17213,"40.0",1377,441,55,39,232382,218439,"0.8460",1174,1139,70,822,140,682,"0.8400","314.11",4,704,500,"0.7100",70389,45016,31429,26737,21608,12277,50746,329,253,197,"0.7690","0.7787","92.22","2.14",43488.89199999999,"0.1086","-0.0647","0.2396","-0.0118"
"FIN-LOC002-202204","LOC002","Westside Smile Center","2022-04-01",2022,4,"2022-04",308728,29506,68951,72989,25344,21741,27332,16151,25593,14287,6833,204200,55571,27786,24698,3087,9702,3087,9262,12349,9262,9262,3087,24698,3087,3087,6175,104528,"0.3386","0.2700","0.0900",360183,208906,82842,32416,28815,"35.0",1647,659,66,26,277855,255627,"0.8280",1544,1451,31,1081,184,897,"0.8300","285.59",4,704,598,"0.8500",85340,48903,35287,34839,23013,16141,65204,411,325,283,"0.7908","0.8708","110.26","3.75",51426.784000000014,"0.1957","0.0300","0.2556","0.0645"
"FIN-LOC002-202205","LOC002","Westside Smile Center","2022-05-01",2022,5,"2022-05",295364,30795,51618,78453,22759,20735,29328,14957,23932,16277,6511,190071,53166,20675,17722,2954,9898,2954,8861,17722,11815,5907,2954,20675,5907,2954,5907,105293,"0.3565","0.2500","0.0700",423355,254013,101605,46569,38102,"43.0",1575,488,63,37,265828,247220,"0.8370",1211,1126,85,848,187,661,"0.8300","348.31",4,704,563,"0.8000",88896,41102,34029,33137,29058,14975,54166,382,294,244,"0.7696","0.8299","105.49","2.50",57148.668000000034,"-0.0433","0.0712","0.0073","0.1769"
"FIN-LOC002-202206","LOC002","Westside Smile Center","2022-06-01",2022,6,"2022-06",278173,27903,58016,68376,18786,19725,30113,15747,20333,13537,5636,196274,55635,22254,22254,5563,9898,2782,8345,8345,8345,11127,2782,19472,8345,2782,8345,81899,"0.2944","0.2800","0.1000",352352,193794,84564,31712,31712,"38.0",1484,490,45,34,250356,245349,"0.8820",1117,1039,67,782,188,594,"0.7600","355.72",4,704,584,"0.8300",89189,42987,33426,26248,19498,13258,53567,258,163,143,"0.6318","0.8773","99.35","5.00",49074.58600000001,"-0.0582","-0.0829","-0.2222","-0.0635"
"FIN-LOC002-202207","LOC002","Westside Smile Center","2022-07-01",2022,7,"2022-07",224515,20732,49240,57770,17277,14210,19005,12310,19523,10258,4190,162370,44903,20206,15716,2245,9702,2245,8981,8981,6735,6735,2245,20206,4490,2245,6735,62145,"0.2768","0.2900","0.0800",321805,180211,74015,28962,28962,"43.0",1197,443,36,37,202064,187919,"0.8370",825,800,58,578,104,474,"0.8800","388.43",4,704,584,"0.8300",75845,34762,24439,19898,16667,12641,40263,225,146,130,"0.6489","0.8904","80.18","3.75",25549.055000000022,"-0.1929","-0.1598","-0.2412","-0.2587"
"FIN-LOC002-202208","LOC002","Westside Smile Center","2022-08-01",2022,8,"2022-08",261141,22052,57952,67952,17437,20104,24873,13334,18668,14360,4410,197919,54840,26114,18280,5223,9898,2611,10446,15668,7834,10446,2611,18280,5223,2611,7834,63222,"0.2421","0.3100","0.0900",356893,210567,82085,32120,28551,"41.0",1393,543,28,33,235027,211524,"0.8100",1182,1099,47,827,124,703,"0.8500","315.77",4,704,556,"0.7900",76769,41839,32857,24822,19857,12283,52714,380,296,216,"0.7789","0.7297","93.26","2.50",13605.209999999992,"0.1631","0.0050","0.0173","-0.0710"
"FIN-LOC002-202209","LOC002","Westside Smile Center","2022-09-01",2022,9,"2022-09",263541,26851,53195,67760,22696,17732,25837,11652,19454,13299,5066,183932,55344,23719,13177,5271,9996,5271,7906,13177,5271,7906,2635,21083,2635,2635,7906,79609,"0.3021","0.3000","0.0700",298680,179208,65710,23894,20908,"34.0",1406,548,28,31,237187,220584,"0.8370",1054,980,32,738,118,620,"0.8400","357.10",4,704,634,"0.9000",70365,38864,34692,28910,20073,12273,58365,310,195,160,"0.6290","0.8205","94.12","3.00",36651.81700000001,"0.0092","0.0652","0.2592","-0.0806"
"FIN-LOC002-202210","LOC002","Westside Smile Center","2022-10-01",2022,10,"2022-10",238016,21782,44554,60643,17029,18539,26485,11386,21584,11757,4257,178790,47603,21421,16661,2380,9800,4760,9521,14281,9521,9521,2380,21421,4760,2380,2380,59226,"0.2488","0.2900","0.0800",357024,221355,78545,35702,32132,"45.0",1269,508,51,34,214214,209930,"0.8820",1049,1018,73,734,147,587,"0.8200","324.27",4,704,535,"0.7600",63768,39299,30549,27682,19377,12852,44489,345,241,200,"0.6986","0.8299","85.01","2.50",31140.111999999994,"-0.0969","-0.1447","-0.2560","-0.3232"
"FIN-LOC002-202211","LOC002","Westside Smile Center","2022-11-01",2022,11,"2022-11",244579,23501,52700,62314,17851,14955,27062,11038,18801,11513,4843,171322,44024,24458,17121,2446,9898,4892,9783,14675,4892,7337,2446,22012,2446,2446,2446,73257,"0.2995","0.2800","0.0800",326105,192402,68482,26088,22827,"40.0",1304,417,26,28,220121,209115,"0.8550",846,787,59,592,112,480,"0.9000","413.14",4,704,556,"0.7900",66336,35074,27449,24654,22569,12581,55915,219,160,130,"0.7306","0.8125","87.35","2.50",37793.044999999984,"0.0276","-0.0374","0.2369","-0.0730"
"FIN-LOC002-202212","LOC002","Westside Smile Center","2022-12-01",2022,12,"2022-12",212678,24401,42701,49019,16732,15555,19608,10566,19346,9913,4837,160802,42536,17014,14887,4254,9800,4254,10634,14887,8507,6380,2127,12761,6380,2127,4254,51876,"0.2439","0.2800","0.0900",290660,165676,69758,34879,29066,"41.0",1134,420,57,39,191410,170355,"0.8010",723,701,36,506,106,400,"0.8800","420.31",4,704,634,"0.9000",58643,28996,25282,18896,19287,12054,49521,218,142,109,"0.6514","0.7676","75.96","2.14",9553.078000000009,"-0.1304","-0.1117","-0.2919","-0.2981"
"FIN-LOC002-202301","LOC002","Westside Smile Center","2023-01-01",2023,1,"2023-01",250904,22581,48795,59696,19933,18532,25955,12718,23048,13886,5762,180413,50181,22581,15054,2509,9800,2509,10036,12545,10036,5018,2509,22581,7527,2509,5018,70491,"0.2809","0.2900","0.0700",326175,195705,68497,35879,19571,"39.0",1338,401,67,28,225814,200974,"0.8010",1178,1143,82,825,157,668,"0.8100","304.13",4,704,507,"0.7200",65844,38732,29746,28145,19624,12007,56807,322,254,178,"0.7888","0.7008","89.61","3.00",20561.10400000002,"0.1797","0.2293","0.3588","0.2226"
"FIN-LOC002-202302","LOC002","Westside Smile Center","2023-02-01",2023,2,"2023-02",227877,21241,45714,52525,18470,16485,26320,12814,16439,12698,5172,162675,43297,18230,13673,2279,9996,4558,11394,13673,9115,6836,2279,15951,2279,2279,6836,65202,"0.2861","0.2700","0.0700",326624,192708,75124,26130,22864,"43.0",1215,474,36,27,205089,198937,"0.8730",850,791,60,595,143,452,"0.8200","382.99",4,704,556,"0.7900",59835,35076,28336,22696,18890,11692,51353,184,121,91,"0.6576","0.7521","81.38","2.50",36261.621000000014,"-0.0918","-0.0216","-0.0750","-0.0292"
"FIN-LOC002-202303","LOC002","Westside Smile Center","2023-03-01",2023,3,"2023-03",334472,34816,68294,80346,27585,23903,33812,14228,28121,17073,6294,230452,70239,23413,23413,6689,9702,6689,10034,16724,10034,10034,3345,23413,6689,3345,6689,104020,"0.3110","0.2800","0.0900",345621,197004,72580,34562,31106,"31.0",1784,642,54,36,301025,276943,"0.8280",1119,1085,67,783,125,658,"0.8100","427.17",4,704,591,"0.8400",102208,48291,39383,32819,28006,14378,69389,266,189,164,"0.7105","0.8677","119.45","3.00",46490.81599999999,"0.4678","0.2954","0.5953","0.2495"
"FIN-LOC002-202304","LOC002","Westside Smile Center","2023-04-01",2023,4,"2023-04",302670,29063,65760,74126,24190,22605,29944,14532,21607,14385,6459,203703,57507,27240,18160,6053,9996,6053,9080,15134,9080,9080,3027,18160,6053,3027,6053,98967,"0.3270","0.2800","0.0800",343026,195525,85757,30872,27442,"34.0",1614,646,65,38,272403,245163,"0.8100",1085,1042,33,760,129,631,"0.8000","398.25",4,704,556,"0.7900",97496,44866,35892,32786,21167,15243,55219,319,195,154,"0.6113","0.7897","108.10","3.00",41459.70000000001,"-0.0951","-0.0196","-0.0486","-0.0532"
"FIN-LOC002-202305","LOC002","Westside Smile Center","2023-05-01",2023,5,"2023-05",329618,33202,72728,85377,23020,24127,27194,17550,24285,16127,6008,223953,59331,23073,19777,6592,9702,9889,13185,16481,9889,9889,3296,26369,6592,3296,6592,105665,"0.3206","0.2500","0.0800",373567,212933,78449,29885,22414,"34.0",1758,615,35,27,296656,278857,"0.8460",1577,1514,95,1104,243,861,"0.8400","298.57",4,704,514,"0.7300",98699,52143,42087,32589,23092,17071,63937,552,342,287,"0.6196","0.8392","117.72","3.00",54903.82799999998,"0.0890","0.1160","0.0677","0.0035"
"FIN-LOC002-202306","LOC002","Westside Smile Center","2023-06-01",2023,6,"2023-06",254212,26184,45250,69273,19930,19574,22625,14617,17490,14490,4779,195276,55927,22879,15253,5084,9702,2542,12711,12711,10168,10168,2542,20337,7626,2542,5084,58936,"0.2318","0.3100","0.0800",372844,216250,74569,41013,26099,"44.0",1356,542,41,39,228791,208200,"0.8190",938,900,28,657,118,539,"0.8800","386.93",4,704,542,"0.7700",73781,37659,33509,27156,18445,12937,50725,223,163,121,"0.7309","0.7423","90.79","3.00",12923.628000000026,"-0.2288","-0.0861","-0.4422","-0.2804"
"FIN-LOC002-202307","LOC002","Westside Smile Center","2023-07-01",2023,7,"2023-07",273498,26106,53277,69926,22376,19952,30102,14118,20458,11321,5860,201152,51965,21880,16410,2735,9702,5470,10940,16410,10940,8205,2735,27350,8205,2735,5470,72346,"0.2645","0.2700","0.0700",346431,211323,79679,34643,17322,"38.0",1459,569,73,38,246148,221533,"0.8100",1036,974,83,725,131,594,"0.7600","377.24",4,704,528,"0.7500",84987,41668,31024,28879,22443,13889,50607,297,208,185,"0.7003","0.8894","97.68","2.50",20381.380000000005,"0.0759","0.2182","0.2275","0.1641"
"FIN-LOC002-202308","LOC002","Westside Smile Center","2023-08-01",2023,8,"2023-08",286833,31395,63389,65033,22246,21139,25415,15249,20571,16296,6100,199207,63103,20078,17210,2868,9898,5737,14342,14342,8605,11473,2868,17210,2868,2868,5737,87626,"0.3055","0.2900","0.0700",372883,220001,78305,33559,33559,"39.0",1530,520,46,39,258150,242661,"0.8460",1275,1237,51,893,205,688,"0.8000","321.20",4,704,605,"0.8600",84804,41969,32191,28556,24460,14278,60574,375,300,243,"0.8000","0.8100","102.44","3.00",43453.71799999999,"0.0488","0.0984","0.2112","0.3860"
"FIN-LOC002-202309","LOC002","Westside Smile Center","2023-09-01",2023,9,"2023-09",258213,24866,45754,70248,20490,19321,27602,11687,20888,11687,5670,175055,46478,23239,20657,5164,9800,2582,7746,10329,7746,10329,2582,15493,7746,2582,2582,83158,"0.3221","0.2700","0.1000",335677,211477,70492,33568,16784,"39.0",1377,551,28,27,232392,211476,"0.8190",1291,1214,77,904,199,705,"0.8000","285.63",4,704,634,"0.9000",70674,42087,33670,23558,22446,11779,53998,325,234,201,"0.7200","0.8590","92.22","3.75",36421.447000000015,"-0.0998","-0.0202","-0.0510","0.0446"
"FIN-LOC002-202310","LOC002","Westside Smile Center","2023-10-01",2023,10,"2023-10",293600,32782,53922,73530,27206,19731,28187,13940,23775,14093,6434,209350,61656,23488,20552,2936,9702,5872,8808,20552,5872,5872,2936,29360,2936,2936,5872,84250,"0.2870","0.2900","0.0800",411040,250734,98650,49325,41104,"42.0",1566,470,31,39,264240,232531,"0.7920",1179,1144,47,825,190,635,"0.8300","355.88",4,704,620,"0.8800",80267,45684,36889,30740,23454,14516,62050,413,306,226,"0.7409","0.7386","104.86","2.14",23181.20000000001,"0.1370","0.2335","0.0131","0.4225"
"FIN-LOC002-202311","LOC002","Westside Smile Center","2023-11-01",2023,11,"2023-11",291662,32604,51574,82993,21341,20333,25491,12894,24187,13783,6462,199382,64166,17500,20416,2917,9800,2917,14583,17500,8750,5833,2917,17500,5833,2917,5833,92280,"0.3164","0.2800","0.0800",379161,212330,87207,34124,26541,"39.0",1556,560,62,40,262496,241496,"0.8280",1236,1174,37,865,173,692,"0.8400","337.18",4,704,598,"0.8500",92869,47311,30489,31248,23597,14748,51399,337,229,195,"0.6795","0.8515","104.17","2.50",42114.136,"-0.0066","0.1925","0.0953","0.2597"
"FIN-LOC002-202312","LOC002","Westside Smile Center","2023-12-01",2023,12,"2023-12",244320,21668,51431,64884,20763,18834,20715,12024,16382,12381,5238,166263,43978,19546,19546,2443,9898,4886,9773,12216,9773,4886,2443,19546,2443,2443,2443,78057,"0.3195","0.2600","0.0900",301328,177784,63279,30133,21093,"37.0",1303,495,52,33,219888,197899,"0.8100",973,944,39,681,163,518,"0.8800","358.77",4,704,528,"0.7500",69765,36292,31571,21611,21423,10571,53088,266,186,156,"0.6992","0.8387","87.26","3.00",31636.20000000001,"-0.1623","0.1488","-0.1541","0.5047"
"FIN-LOC002-202401","LOC002","Westside Smile Center","2024-01-01",2024,1,"2024-01",255936,28440,56880,59874,16964,19908,27442,10727,17563,13596,4540,183836,56306,25594,17916,2559,9800,5119,10237,15356,5119,7678,2559,17916,2559,2559,2559,72100,"0.2817","0.3200","0.0800",255936,161240,53747,30712,23034,"30.0",1365,519,27,33,230342,223432,"0.8730",1024,973,51,717,122,595,"0.8000","356.95",4,704,634,"0.9000",84568,35298,31474,26228,21375,12379,44613,351,228,166,"0.6496","0.7281","91.41","2.50",39596.128,"0.0475","0.0201","-0.0763","0.0228"
"FIN-LOC002-202402","LOC002","Westside Smile Center","2024-02-01",2024,2,"2024-02",255757,22466,55144,66377,22466,16977,22466,10850,20220,14297,4493,186273,53709,23018,15345,5115,9800,5115,7673,10230,7673,5115,2558,25576,5115,2558,7673,69484,"0.2717","0.3000","0.0800",315434,186106,72550,31543,28389,"37.0",1364,505,68,40,230181,216370,"0.8460",1168,1075,47,818,172,646,"0.8100","312.66",4,704,570,"0.8100",80035,36830,31447,24317,19265,13339,50523,384,238,205,"0.6198","0.8613","91.34","3.75",30097.42199999999,"-0.0007","0.1223","-0.0363","0.0657"
"FIN-LOC002-202403","LOC002","Westside Smile Center","2024-03-01",2024,3,"2024-03",312732,27219,65966,76054,22544,21967,33624,15691,27155,16812,5700,225487,62546,31273,25019,6255,9702,9382,12509,12509,9382,6255,3127,21891,6255,3127,6255,87245,"0.2790","0.3000","0.1000",469098,281459,107893,37528,23455,"45.0",1668,550,67,28,281459,258942,"0.8280",1504,1399,105,1053,179,874,"0.8100","296.99",4,704,605,"0.8600",102342,50706,35727,33804,22081,15351,52722,505,389,346,"0.7703","0.8895","111.69","3.75",33455.09599999999,"0.2228","-0.0650","0.2556","-0.1613"
"FIN-LOC002-202404","LOC002","Westside Smile Center","2024-04-01",2024,4,"2024-04",320043,32396,67261,77905,26904,24837,34247,15890,21474,13267,5862,208324,60808,28804,19203,6401,9898,3200,9601,12802,6401,6401,3200,22403,6401,3200,9601,111719,"0.3491","0.2800","0.0800",330711,198427,76064,36378,19843,"31.0",1707,597,51,35,288039,270756,"0.8460",1104,1082,33,773,147,626,"0.8300","414.03",4,704,507,"0.7200",89263,55664,38513,29754,29955,18722,58171,387,255,199,"0.6589","0.7804","114.30","3.75",62432.37799999997,"0.0234","0.0574","0.2805","0.1289"
"FIN-LOC002-202405","LOC002","Westside Smile Center","2024-05-01",2024,5,"2024-05",316360,35931,57758,79753,26596,20215,35931,14775,24446,14440,6515,212272,56945,31636,15818,3164,9800,3164,12654,12654,9491,9491,3164,25309,9491,3164,6327,104088,"0.3290","0.2800","0.0600",463995,296957,106719,55679,27840,"44.0",1687,590,34,29,284724,256252,"0.8100",1485,1411,89,1040,187,853,"0.8100","304.19",4,704,591,"0.8400",104901,50150,33127,27606,25274,14570,60732,385,285,222,"0.7403","0.7789","112.99","3.75",43979.600000000006,"-0.0115","-0.0402","-0.0683","-0.0149"
"FIN-LOC002-202406","LOC002","Westside Smile Center","2024-06-01",2024,6,"2024-06",268509,29705,50924,60825,19238,20200,29423,14428,24443,13438,5885,192582,53702,18796,21481,2685,9996,2685,8055,18796,8055,10740,2685,21481,2685,2685,8055,75927,"0.2828","0.2700","0.0900",384863,215523,96216,38486,34638,"43.0",1432,473,57,26,241658,219909,"0.8190",1138,1092,91,797,135,662,"0.8700","336.90",4,704,500,"0.7100",85789,36420,29783,22931,22230,11466,59890,311,243,209,"0.7814","0.8601","95.90","2.14",27326.871000000014,"-0.1513","0.0562","-0.2705","0.2883"
"FIN-LOC002-202407","LOC002","Westside Smile Center","2024-07-01",2024,7,"2024-07",281195,26752,61777,68947,19195,17182,26476,15168,25373,14479,5847,195195,56239,22496,16872,2812,9604,2812,11248,14060,8436,8436,2812,28120,5624,2812,2812,86000,"0.3058","0.2800","0.0700",393673,220457,94482,35431,35431,"42.0",1500,480,75,32,253076,248014,"0.8820",1008,948,30,706,120,586,"0.8800","398.29",4,704,556,"0.7900",82543,44023,33017,28562,23479,11923,57649,240,192,165,"0.8000","0.8594","100.43","3.00",52818.98999999999,"0.0472","0.0281","0.1327","0.1887"
"FIN-LOC002-202408","LOC002","Westside Smile Center","2024-08-01",2024,8,"2024-08",304557,29345,65001,74940,24738,19879,29029,14988,24233,15777,6626,225939,63957,24365,24365,3046,9702,3046,12182,18273,9137,12182,3046,27410,6091,3046,6091,78618,"0.2581","0.2900","0.0900",426380,264356,98067,51166,38374,"42.0",1624,650,65,26,274101,254914,"0.8370",1080,1026,32,756,144,612,"0.7700","402.85",4,704,570,"0.8100",90987,49910,31095,27679,26854,15606,62425,302,214,186,"0.7086","0.8692","108.77","2.50",28975.209000000003,"0.0831","0.0618","-0.0858","-0.1028"
"FIN-LOC002-202409","LOC002","Westside Smile Center","2024-09-01",2024,9,"2024-09",269003,30336,53019,59441,23394,20852,25143,12845,24924,13801,5247,184749,51111,18830,18830,5380,9898,5380,10760,10760,8070,8070,2690,24210,5380,2690,2690,84254,"0.3132","0.2600","0.0900",286937,180770,60257,25824,22955,"32.0",1435,560,57,32,242103,232419,"0.8640",937,909,47,656,151,505,"0.8900","410.07",4,704,620,"0.8800",84446,37531,30707,31845,19789,15212,49473,249,169,120,"0.6787","0.7101","96.07","3.75",47669.592000000004,"-0.1167","0.0418","0.0717","0.0132"
"FIN-LOC002-202410","LOC002","Westside Smile Center","2024-10-01",2024,10,"2024-10",282640,27838,63061,67464,24088,18691,24429,14345,22498,13919,6306,207843,56528,19785,19785,2826,9996,5653,14132,14132,8479,8479,2826,25438,8479,2826,8479,74797,"0.2646","0.2700","0.0800",367432,224134,80835,29395,33069,"39.0",1507,482,45,38,254376,249288,"0.8820",1140,1117,46,798,184,614,"0.8200","354.19",4,704,620,"0.8800",81655,44265,32318,28937,23837,13179,58448,287,221,186,"0.7700","0.8416","100.94","3.00",41445.47999999998,"0.0507","-0.0373","-0.1122","-0.1122"
"FIN-LOC002-202411","LOC002","Westside Smile Center","2024-11-01",2024,11,"2024-11",250691,21741,53202,59469,22099,20590,22509,11638,20462,13556,5423,172554,52645,15041,17548,5014,9604,7521,7521,10028,7521,5014,2507,17548,5014,2507,7521,78137,"0.3117","0.2700","0.0900",376037,225622,75207,37604,37604,"45.0",1337,521,40,37,225622,214341,"0.8550",1171,1136,35,820,172,648,"0.8900","305.72",4,704,514,"0.7300",71903,37481,28455,27027,21826,11984,52015,353,247,220,"0.6997","0.8907","89.53","3.75",41786.80499999999,"-0.1130","-0.1405","0.0447","-0.1533"
"FIN-LOC002-202412","LOC002","Westside Smile Center","2024-12-01",2024,12,"2024-12",246242,24179,51412,57266,19139,17994,25451,13871,18732,13362,4836,182169,49248,24624,17237,4925,9800,2462,7387,14775,9850,9850,2462,14775,4925,2462,7387,64073,"0.2602","0.3000","0.0900",311907,171549,71739,37429,18714,"38.0",1313,473,53,37,221618,203888,"0.8280",912,866,36,638,108,530,"0.8000","385.96",4,704,620,"0.8800",65272,40315,33481,25341,22320,12926,46586,300,201,161,"0.6700","0.8010","87.94","2.50",21719.37600000002,"-0.0177","0.0079","-0.1800","-0.1792"
"FIN-LOC002-202501","LOC002","Westside Smile Center","2025-01-01",2025,1,"2025-01",271677,28363,54606,69583,21206,20782,24917,15242,20570,11531,4877,180958,51619,21734,13584,5434,9800,5434,8150,16301,8150,10867,2717,19017,2717,2717,2717,90719,"0.3339","0.2700","0.0700",407516,244510,85578,40752,28526,"45.0",1449,435,43,31,244509,227394,"0.8370",970,922,58,679,149,530,"0.7800","400.11",4,704,500,"0.7100",88367,39844,27141,28141,23354,14333,50496,312,237,168,"0.7596","0.7089","97.03","2.50",46435.649000000034,"0.1033","0.0615","0.4159","0.2582"
"FIN-LOC002-202502","LOC002","Westside Smile Center","2025-02-01",2025,2,"2025-02",269156,28246,57036,60431,21293,18252,30962,14531,20424,13037,4943,176874,51140,18841,16149,5383,9996,2692,13458,13458,5383,5383,2692,21532,2692,2692,5383,92282,"0.3429","0.2600","0.0800",403734,254352,88821,48448,40373,"45.0",1435,459,57,38,242240,220439,"0.8190",968,929,58,678,142,536,"0.8100","396.99",4,704,542,"0.7700",87987,43993,31508,24860,21452,11871,47485,271,182,146,"0.6716","0.8022","96.13","3.00",43564.763999999996,"-0.0093","0.0524","0.0172","0.3281"
"FIN-LOC002-202503","LOC002","Westside Smile Center","2025-03-01",2025,3,"2025-03",321888,34697,61067,76334,26092,25260,30881,15614,28868,17175,5899,218833,61159,22532,25751,3219,9604,6438,16094,12876,6438,9657,3219,25751,6438,3219,6438,103055,"0.3202","0.2600","0.0900",418454,263626,96244,37661,25107,"39.0",1717,549,34,26,289699,266523,"0.8280",1443,1414,115,1010,212,798,"0.8100","318.70",4,704,620,"0.8800",101763,47424,36358,32604,25029,17455,61256,444,315,239,"0.7095","0.7587","114.96","3.75",47690.264000000025,"0.1959","0.0293","0.1167","0.1812"
"FIN-LOC002-202504","LOC002","Westside Smile Center","2025-04-01",2025,4,"2025-04",303420,30405,62598,83464,20508,22327,25635,13414,23131,16693,5246,222194,60684,24274,21239,6068,9800,6068,12137,18205,9103,6068,3034,24274,9103,3034,9103,81226,"0.2677","0.2800","0.0900",445016,249209,111254,44502,26701,"44.0",1618,615,49,25,273078,262155,"0.8640",1015,985,30,711,142,569,"0.8900","426.75",4,704,556,"0.7900",87395,43698,35679,33937,25227,16218,61267,327,252,184,"0.7706","0.7302","108.36","2.50",39960.880000000005,"-0.0574","-0.0519","-0.2118","-0.2729"
"FIN-LOC003-202001","LOC003","East Valley Dental Care","2020-01-01",2020,1,"2020-01",94511,8691,18171,21974,8454,7881,10073,4938,7427,5185,1718,68775,17957,7561,7561,945,7344,1890,2835,6616,2835,1890,945,7561,945,945,945,25736,"0.2723","0.2700","0.0900",107112,59983,25707,11782,8569,"34.0",504,171,15,31,85060,78255,"0.8280",323,300,19,226,47,179,"0.8800","418.19",3,528,470,"0.8900",26898,13449,12433,10958,7013,5629,18131,90,68,55,"0.7556","0.8088","39.38","2.14",9480.108000000007,0,0,0,0
"FIN-LOC003-202002","LOC003","East Valley Dental Care","2020-02-01",2020,2,"2020-02",109940,9539,22405,29115,7631,8152,11313,6100,7808,5657,2218,84157,20889,8795,7696,1099,7200,1099,5497,7696,3298,4398,1099,8795,2199,1099,3298,25783,"0.2345","0.2700","0.0800",161245,93522,38699,17737,11287,"44.0",586,182,12,36,98946,93009,"0.8460",380,357,15,266,53,213,"0.7900","413.31",3,528,401,"0.7600",34767,17383,12052,9933,9095,6181,20529,125,78,55,"0.6240","0.7051","45.81","2.14",8852.23999999999,"0.1633",0,"0.0018",0
"FIN-LOC003-202003","LOC003","East Valley Dental Care","2020-03-01",2020,3,"2020-03",123176,11432,25783,31925,9924,7577,13500,6750,8465,5412,2408,86107,27099,11086,8622,1232,7272,2464,3695,6159,3695,2464,1232,7391,1232,1232,1232,37069,"0.3009","0.3100","0.0800",156023,98294,34325,15602,15602,"38.0",657,217,26,26,110858,108641,"0.8820",610,592,37,427,68,359,"0.8100","288.47",3,528,385,"0.7300",36834,16185,13096,14138,11112,5767,26044,196,149,118,"0.7602","0.7919","51.32","3.00",22534.232000000004,"0.1204",0,"0.4377",0
"FIN-LOC003-202004","LOC003","East Valley Dental Care","2020-04-01",2020,4,"2020-04",132930,12678,27204,33345,12044,9799,13074,6735,9614,5877,2562,93676,26586,9305,10634,1329,7272,2659,5317,7976,2659,5317,1329,7976,2659,1329,1329,39254,"0.2953","0.2700","0.0900",181671,101736,38151,18167,12717,"41.0",709,227,21,37,119637,106477,"0.8010",563,535,34,394,91,303,"0.7600","337.39",3,528,375,"0.7100",35455,20820,18964,13880,10004,7421,26385,162,110,77,"0.6790","0.7000","55.39","2.50",12800.930000000008,"0.0792",0,"0.0589",0
"FIN-LOC003-202005","LOC003","East Valley Dental Care","2020-05-01",2020,5,"2020-05",146068,13576,26541,37371,13911,11105,14796,8313,10494,7093,2868,104994,30674,14607,7303,2921,7128,4382,4382,5843,4382,4382,1461,10225,1461,1461,4382,41074,"0.2812","0.3100","0.0700",165544,96016,38075,16554,14899,"34.0",779,234,39,40,131461,127517,"0.8730",630,586,19,441,88,353,"0.8500","331.22",3,528,401,"0.7600",45706,22194,17052,15675,11016,6592,27834,203,142,124,"0.6995","0.8732","60.86","3.75",22523.364,"0.0988",0,"0.0464",0
"FIN-LOC003-202006","LOC003","East Valley Dental Care","2020-06-01",2020,6,"2020-06",116476,10658,26999,25460,9379,7792,11960,6335,10610,5151,2132,84074,22130,10483,8153,1165,7200,3494,4659,4659,4659,3494,1165,8153,1165,1165,2330,32402,"0.2782","0.2800","0.0800",139771,79669,29352,13977,8386,"36.0",621,224,31,26,104828,94346,"0.8100",415,386,8,291,52,239,"0.8200","400.26",3,528,396,"0.7500",33488,16046,13256,10581,10605,5988,26511,113,85,65,"0.7522","0.7647","48.53","3.75",10271.560000000012,"-0.2026",0,"-0.2111",0
"FIN-LOC003-202007","LOC003","East Valley Dental Care","2020-07-01",2020,7,"2020-07",143618,15944,26822,35390,11563,10431,13262,7004,11802,8419,2980,103567,27287,11489,11489,1436,7344,1436,5745,7181,2872,4309,1436,11489,4309,1436,4309,40051,"0.2789","0.2700","0.0900",167554,107235,36862,18431,13404,"35.0",766,291,23,29,129256,116331,"0.8100",584,555,18,409,90,319,"0.8800","351.14",3,528,385,"0.7300",45286,20152,17209,14944,10627,8227,27172,139,95,82,"0.6835","0.8632","59.84","3.00",12763.580000000002,"0.2330",0,"0.2361",0
"FIN-LOC003-202008","LOC003","East Valley Dental Care","2020-08-01",2020,8,"2020-08",114956,11299,21702,27687,9486,8849,12194,6377,10023,5146,2193,82998,22991,8047,6897,2299,7128,2299,4598,6897,4598,3449,1150,6897,2299,1150,2299,31958,"0.2780","0.2700","0.0800",149443,88171,31383,13450,14944,"39.0",613,221,12,25,103460,92080,"0.8010",465,442,9,326,55,271,"0.8500","352.63",3,528,444,"0.8400",33472,19177,13389,11506,10042,5985,21385,98,73,61,"0.7449","0.8356","47.90","2.50",9081.756000000008,"-0.1996",0,"-0.2021",0
"FIN-LOC003-202009","LOC003","East Valley Dental Care","2020-09-01",2020,9,"2020-09",132431,14629,28745,30477,9753,9791,12961,5903,11293,6031,2849,94605,23838,13243,7946,2649,7200,1324,3973,6622,2649,5297,1324,10594,2649,1324,3973,37826,"0.2856","0.2800","0.0800",189818,113891,41760,22778,17084,"43.0",706,275,21,39,119188,112037,"0.8460",507,472,20,355,78,277,"0.8500","373.05",3,528,465,"0.8800",44689,19728,15138,12078,9126,5905,25767,114,83,66,"0.7281","0.7952","55.18","3.00",17431.626000000004,"0.1520",0,"0.1836",0
"FIN-LOC003-202010","LOC003","East Valley Dental Care","2020-10-01",2020,10,"2020-10",142461,16264,25432,31420,13248,10764,14638,7393,12065,8280,2957,105641,29917,9972,9972,2849,7344,1425,5698,9972,4274,2849,1425,12821,2849,1425,2849,36820,"0.2585","0.2800","0.0900",161456,100103,35520,14531,8073,"34.0",760,281,38,36,128215,125651,"0.8820",619,588,50,433,108,325,"0.8900","329.01",3,528,454,"0.8600",37993,20724,19342,15687,11513,7268,29934,195,119,104,"0.6103","0.8739","59.36","2.14",20009.602000000014,"0.0757",0,"-0.0266",0
"FIN-LOC003-202011","LOC003","East Valley Dental Care","2020-11-01",2020,11,"2020-11",142164,14491,28077,33964,12317,9615,13887,7321,12317,7246,2928,102305,29854,9951,9951,1422,7056,4265,7108,7108,4265,2843,1422,8530,4265,1422,2843,39859,"0.2804","0.2800","0.0800",203768,118185,48904,22414,14264,"43.0",758,250,30,28,127948,120271,"0.8460",585,567,23,410,66,344,"0.7600","346.74",3,528,417,"0.7900",39040,18436,19086,14459,12609,6724,31810,176,113,86,"0.6420","0.7611","59.23","3.00",17965.74399999999,"-0.0021",0,"0.0825",0
"FIN-LOC003-202012","LOC003","East Valley Dental Care","2020-12-01",2020,12,"2020-12",118276,12158,24317,29574,9814,7974,12597,5148,8412,6024,2256,85336,22472,10645,8279,1183,7272,1183,3548,5914,2366,3548,1183,11828,2366,1183,2366,32940,"0.2785","0.2800","0.0800",153759,98406,32289,16913,9226,"39.0",631,215,25,26,106448,101126,"0.8550",435,422,26,305,70,235,"0.7500","387.79",3,528,449,"0.8500",35456,17156,13420,11565,11387,7180,22112,146,114,93,"0.7808","0.8158","49.28","3.00",15789.98000000001,"-0.1680",0,"-0.1736",0
"FIN-LOC003-202101","LOC003","East Valley Dental Care","2021-01-01",2021,1,"2021-01",138547,13417,28811,31777,10621,8601,14970,7203,12428,7556,3164,111107,26324,13855,9698,2771,7200,4156,6927,9698,4156,5542,1385,12469,4156,1385,1385,27440,"0.1981","0.2900","0.0900",147783,85714,31034,14778,11823,"32.0",739,251,15,37,124692,112223,"0.8100",669,649,33,468,75,393,"0.8300","296.04",3,528,459,"0.8700",45666,19062,15417,14943,11060,6983,25416,229,165,140,"0.7205","0.8485","57.73","2.14",1116.070000000007,"0.1714","0.4659","-0.1670","0.0662"
"FIN-LOC003-202102","LOC003","East Valley Dental Care","2021-02-01",2021,2,"2021-02",124272,11043,22343,34028,10170,8719,11300,6292,11403,6741,2234,86805,23612,9942,7456,2485,7272,1243,4971,3728,3728,2485,1243,11184,3728,1243,2485,37467,"0.3015","0.2700","0.0800",132557,76883,33139,10605,9279,"32.0",663,259,27,32,111845,107371,"0.8640",536,515,21,375,75,300,"0.8900","331.39",3,528,417,"0.7900",41114,15373,13014,13228,8771,5839,26933,116,80,64,"0.6897","0.8000","51.78","5.00",20566.008,"-0.1030","0.1304","0.3654","0.4532"
"FIN-LOC003-202103","LOC003","East Valley Dental Care","2021-03-01",2021,3,"2021-03",161099,17200,29208,41784,12852,12381,14442,8276,13890,7627,3440,116676,30609,12888,11277,1611,7128,1611,6444,6444,6444,3222,1611,16110,4833,1611,4833,44423,"0.2757","0.2700","0.0800",182579,113199,41993,20084,12781,"34.0",859,283,26,29,144989,131940,"0.8190",671,651,47,470,85,385,"0.7700","342.76",3,528,422,"0.8000",48123,23797,19038,15336,15230,8902,30672,207,141,109,"0.6812","0.7730","67.12","3.75",15264.081000000006,"0.2963","0.3079","0.1857","0.1984"
"FIN-LOC003-202104","LOC003","East Valley Dental Care","2021-04-01",2021,4,"2021-04",175112,18494,31324,47485,14662,10147,19161,8997,12796,9080,2966,124522,35022,15760,14009,1751,7200,5253,5253,5253,3502,5253,1751,17511,1751,1751,3502,50590,"0.2889","0.2900","0.0900",180949,110379,37999,19904,16285,"31.0",934,308,19,35,157601,151297,"0.8640",739,724,52,517,93,424,"0.8300","338.71",3,528,412,"0.7800",55904,28500,18854,19000,12569,8495,31789,181,116,89,"0.6409","0.7672","72.96","5.00",26774.76800000001,"0.0870","0.3173","0.1388","0.2888"
"FIN-LOC003-202105","LOC003","East Valley Dental Care","2021-05-01",2021,5,"2021-05",152850,16722,25611,43312,11570,11178,15969,7156,11811,6478,3043,103427,27513,13757,9171,1529,7128,3057,4586,10700,6114,3057,1529,9171,1529,1529,3057,49423,"0.3233","0.2700","0.0700",163040,104346,32608,19565,16304,"32.0",815,310,16,28,137565,134814,"0.8820",624,580,19,437,66,371,"0.7700","349.77",3,528,454,"0.8600",42704,23487,17841,15184,12274,8778,32582,201,139,100,"0.6915","0.7194","63.69","2.14",31386.70000000001,"-0.1271","0.0464","-0.0231","0.2033"
"FIN-LOC003-202106","LOC003","East Valley Dental Care","2021-06-01",2021,6,"2021-06",155976,18017,27886,37600,14288,11844,13943,8617,12283,8617,2883,113410,29635,14038,9359,1560,7344,4679,7799,6239,4679,3120,1560,15598,3120,1560,3120,42566,"0.2729","0.2800","0.0700",171574,102944,39462,18873,15442,"33.0",832,333,33,32,140378,133359,"0.8550",729,714,22,510,107,403,"0.8700","305.84",3,528,459,"0.8700",49890,22248,15641,17079,11266,6892,32960,235,181,157,"0.7702","0.8674","64.99","3.75",19949.47999999998,"0.0205","0.3391","-0.1387","0.3137"
"FIN-LOC003-202107","LOC003","East Valley Dental Care","2021-07-01",2021,7,"2021-07",172790,15477,39208,40842,14032,13482,17024,7910,13207,7996,3611,119587,31102,10367,8640,1728,7272,3456,6912,10367,6912,6912,1728,13823,3456,1728,5184,53203,"0.3079","0.2400","0.0600",201588,124985,48381,22175,16127,"35.0",922,341,37,40,155511,144625,"0.8370",702,653,49,491,113,378,"0.8100","351.91",3,528,438,"0.8300",51431,24633,19273,17505,15736,7760,36453,216,162,115,"0.7500","0.7099","72.00","2.50",25038.23000000001,"0.1078","0.2031","0.2499","0.3284"
"FIN-LOC003-202108","LOC003","East Valley Dental Care","2021-08-01",2021,8,"2021-08",169431,17552,32787,46365,11922,12171,15069,8611,12850,8362,3742,124105,33886,13554,11860,1694,7200,1694,6777,10166,6777,6777,1694,15249,1694,1694,3389,45326,"0.2675","0.2800","0.0800",254147,149947,55912,27956,15249,"45.0",904,307,18,26,152488,147913,"0.8730",700,672,21,490,108,382,"0.7900","345.78",3,528,422,"0.8000",50777,27744,20939,17100,13261,7852,31757,167,109,77,"0.6527","0.7064","70.60","2.50",23808.262999999977,"-0.0194","0.4739","-0.1481","0.4183"
"FIN-LOC003-202109","LOC003","East Valley Dental Care","2021-09-01",2021,9,"2021-09",133930,11995,27021,35670,10808,9192,13763,5998,10000,6755,2727,102291,28125,12054,8036,2679,7200,2679,5357,5357,4018,5357,1339,12054,4018,1339,2679,31639,"0.2362","0.3000","0.0800",183038,117144,42099,18304,9152,"41.0",714,278,29,33,120537,107278,"0.8010",491,471,29,344,62,282,"0.8800","389.33",3,528,449,"0.8500",41269,22638,14745,11352,11539,6210,26177,169,112,81,"0.6627","0.7232","55.80","3.75",4986.930000000008,"-0.2095","0.0113","-0.3020","-0.1636"
"FIN-LOC003-202110","LOC003","East Valley Dental Care","2021-10-01",2021,10,"2021-10",151225,15097,31091,33258,13034,11196,17190,7025,12078,7997,3259,113058,31757,13610,9074,1512,7200,3025,6049,9074,6049,4537,1512,13610,1512,1512,3025,38167,"0.2524","0.3000","0.0700",216756,140891,52021,23843,19508,"43.0",807,258,24,35,136103,130658,"0.8640",532,516,32,372,63,309,"0.8600","406.52",3,528,470,"0.8900",42913,20303,18826,15842,11197,8306,33838,134,102,84,"0.7612","0.8235","63.01","2.50",17600.399999999994,"0.1291","0.0615","0.2063","0.0366"
"FIN-LOC003-202111","LOC003","East Valley Dental Care","2021-11-01",2021,11,"2021-11",169315,18506,32030,43597,14093,10837,15659,10143,12527,8008,3915,114011,33863,10159,10159,3386,7344,1693,5079,10159,5079,3386,1693,16932,1693,1693,1693,55304,"0.3266","0.2600","0.0800",220110,129865,46223,22011,17609,"39.0",903,352,27,32,152384,144764,"0.8550",568,545,34,398,92,306,"0.7900","425.41",3,528,407,"0.7700",49550,23674,21362,15966,16003,10461,32299,187,144,117,"0.7701","0.8125","70.55","2.50",30753.324999999983,"0.1196","0.1910","0.4490","0.3875"
"FIN-LOC003-202112","LOC003","East Valley Dental Care","2021-12-01",2021,12,"2021-12",151426,16272,31679,38159,10368,10684,16416,6768,11980,6192,2909,119400,33314,10600,12114,1514,7344,4543,6057,10600,6057,6057,1514,12114,3029,1514,3029,32026,"0.2115","0.2900","0.0900",151426,96913,36342,16657,7571,"30.0",808,267,40,36,136283,132195,"0.8730",631,612,19,442,97,345,"0.8000","342.59",3,528,475,"0.9000",48006,20803,17557,16459,13167,8001,27432,141,92,75,"0.6525","0.8152","63.09","2.14",12794.897999999986,"-0.1057","0.2803","-0.4209","-0.0277"
"FIN-LOC003-202201","LOC003","East Valley Dental Care","2022-01-01",2022,1,"2022-01",148585,14567,33039,37169,12495,9041,14417,6908,10452,7884,2613,100954,32689,10401,10401,2972,7344,2972,4458,5943,5943,2972,1486,8915,1486,1486,1486,47631,"0.3206","0.2900","0.0900",163444,93163,32689,14710,13076,"33.0",792,277,32,36,133727,125703,"0.8460",622,585,31,435,100,335,"0.8000","341.57",3,528,407,"0.7700",43710,21165,16196,15644,11533,8129,32208,218,170,121,"0.7798","0.7118","61.91","3.75",24748.90999999999,"-0.0188","0.0725","0.4873","0.7358"
"FIN-LOC003-202202","LOC003","East Valley Dental Care","2022-02-01",2022,2,"2022-02",154544,16385,33724,35792,11963,10356,14317,9067,11963,7636,3341,116998,30909,13909,12364,3091,7272,3091,7727,10818,3091,3091,1545,10818,4636,1545,3091,37546,"0.2429","0.2900","0.1000",206059,123635,49454,16485,12364,"40.0",824,255,33,25,139090,122399,"0.7920",631,593,32,442,80,362,"0.8100","349.65",3,528,412,"0.7800",49503,23414,16947,13825,12130,7210,31515,190,133,100,"0.7000","0.7519","64.39","2.14",5400.848000000013,"0.0401","0.2436","-0.2117","0.0021"
"FIN-LOC003-202203","LOC003","East Valley Dental Care","2022-03-01",2022,3,"2022-03",179018,19812,33853,41836,14618,13464,17504,10964,14157,9040,3770,125352,37594,12531,8951,1790,7200,3580,8951,7161,5371,3580,1790,16112,5371,1790,3580,53666,"0.2998","0.2800","0.0600",208854,127401,50125,22974,10443,"35.0",955,353,38,34,161116,149838,"0.8370",665,645,27,465,93,372,"0.8000","384.98",3,528,475,"0.9000",59522,25323,21094,18448,12252,8615,33764,177,136,103,"0.7684","0.7574","74.59","3.75",24486.06600000002,"0.1584","0.1112","0.4293","0.2081"
"FIN-LOC003-202204","LOC003","East Valley Dental Care","2022-04-01",2022,4,"2022-04",183836,19847,31033,48715,14578,12251,19486,10284,16022,8300,3320,117500,33090,11030,12869,1838,7200,3677,5515,7353,3677,5515,1838,16545,1838,1838,3677,66336,"0.3608","0.2400","0.0800",263498,158099,55335,26350,18445,"43.0",980,333,29,34,165452,162143,"0.8820",828,803,25,580,133,447,"0.8100","316.96",3,528,438,"0.8300",61403,25677,25231,16188,13099,8001,34237,203,154,116,"0.7586","0.7532","76.60","3.75",44643.351999999984,"0.0269","0.0498","0.2361","0.3112"
"FIN-LOC003-202205","LOC003","East Valley Dental Care","2022-05-01",2022,5,"2022-05",200739,17121,40078,54475,14163,12257,21790,9630,15720,11187,4319,143557,44163,14052,12044,2007,7056,6022,8030,12044,4015,6022,2007,16059,2007,2007,6022,57182,"0.2849","0.2900","0.0700",260961,151357,52192,26096,20877,"39.0",1071,386,21,38,180665,175245,"0.8730",699,643,35,489,112,377,"0.8600","410.51",3,528,428,"0.8100",59776,28130,26020,21879,15315,8986,40632,152,112,80,"0.7368","0.7143","83.64","2.50",31688.146999999997,"0.0919","0.3133","-0.1380","0.1570"
"FIN-LOC003-202206","LOC003","East Valley Dental Care","2022-06-01",2022,6,"2022-06",157253,17392,29551,36170,13052,12067,17238,8234,12682,7388,3478,115780,34596,12580,11008,1573,7272,4718,7863,9435,3145,6290,1573,11008,1573,1573,1573,41473,"0.2637","0.3000","0.0800",172978,112436,39785,15568,15568,"33.0",839,268,25,33,141528,133036,"0.8460",725,667,51,507,86,421,"0.8300","310.16",3,528,412,"0.7800",44528,24179,17811,15322,12640,8299,34473,228,173,133,"0.7588","0.7688","65.52","2.50",17256.038,"-0.2166","0.0082","-0.2747","-0.0257"
"FIN-LOC003-202207","LOC003","East Valley Dental Care","2022-07-01",2022,7,"2022-07",135025,15100,25347,38087,9707,8211,13482,6134,10247,6202,2508,93474,24305,12152,8102,2701,7056,2701,4051,6751,2701,4051,1350,12152,2701,1350,1350,41551,"0.3077","0.2700","0.0800",184534,107030,40597,18453,18453,"41.0",720,252,14,35,121523,108155,"0.8010",510,495,15,357,57,300,"0.8600","378.22",3,528,459,"0.8700",36292,22334,16750,13826,11060,6580,28183,139,85,65,"0.6115","0.7647","56.26","3.00",14681.025000000009,"-0.1414","-0.2186","0.0019","-0.2190"
"FIN-LOC003-202208","LOC003","East Valley Dental Care","2022-08-01",2022,8,"2022-08",183585,17515,40809,40628,16468,12134,20765,7674,15746,8126,3720,130275,40389,14687,9179,3672,7272,5508,7343,9179,7343,5508,1836,12851,1836,1836,1836,53310,"0.2904","0.3000","0.0700",220302,132181,50669,26436,15421,"36.0",979,352,39,39,165227,148704,"0.8100",720,670,58,504,121,383,"0.8200","364.26",3,528,459,"0.8700",53295,32034,19504,16442,13456,10300,38554,151,116,102,"0.7682","0.8793","76.49","3.00",18428.850000000006,"0.3596","0.0835","0.2830","0.1761"
"FIN-LOC003-202209","LOC003","East Valley Dental Care","2022-09-01",2022,9,"2022-09",169730,18961,35909,39853,13290,12333,15438,7803,12753,9565,3826,134354,33946,15276,11881,3395,7056,5092,6789,11881,5092,5092,1697,16973,3395,1697,5092,35376,"0.2084","0.2900","0.0900",175388,103479,38585,21047,15785,"31.0",905,335,27,30,152757,151229,"0.8910",758,705,15,531,117,414,"0.8000","319.64",3,528,401,"0.7600",52442,21976,18779,18979,14517,8407,34629,255,158,133,"0.6196","0.8418","70.72","2.14",16875.429999999993,"-0.0755","0.2673","-0.3364","0.1181"
"FIN-LOC003-202210","LOC003","East Valley Dental Care","2022-10-01",2022,10,"2022-10",158652,16073,34824,35996,12858,10431,15571,9376,11519,8288,3717,108668,28557,11106,11106,3173,7128,3173,7933,6346,3173,4760,1587,12692,1587,1587,4760,49984,"0.3151","0.2500","0.0900",237978,138027,57115,23798,23798,"45.0",846,271,34,36,142787,128508,"0.8100",782,751,23,547,104,443,"0.8000","290.04",3,528,385,"0.7300",51981,20556,18524,17642,12853,6852,30243,213,170,141,"0.7981","0.8294","66.11","3.75",19840.120000000024,"-0.0653","0.0491","0.4129","0.3096"
"FIN-LOC003-202211","LOC003","East Valley Dental Care","2022-11-01",2022,11,"2022-11",154934,15707,28364,39267,11468,10675,15249,8387,13907,8463,3446,104735,30987,12395,9296,3099,7128,4648,4648,6197,4648,6197,1549,9296,1549,1549,1549,50199,"0.3240","0.2800","0.0800",185921,109693,44621,14874,13014,"36.0",826,281,33,27,139441,135257,"0.8730",756,718,45,529,85,444,"0.7600","292.88",3,528,459,"0.8700",52114,20188,19531,13615,11769,6729,30987,217,156,137,"0.7189","0.8782","64.56","3.75",30522.382000000012,"-0.0234","-0.0849","0.0043","-0.0923"
"FIN-LOC003-202212","LOC003","East Valley Dental Care","2022-12-01",2022,12,"2022-12",178068,18044,31086,45558,14864,13882,19116,9648,14721,7682,3466,126578,35614,12465,8903,1781,7272,3561,5342,12465,5342,7123,1781,16026,3561,1781,3561,51490,"0.2892","0.2700","0.0600",201810,127140,46416,20181,18163,"34.0",950,342,48,38,160261,158659,"0.8910",873,838,35,611,128,483,"0.8000","291.44",3,528,375,"0.7100",46575,30057,19496,18594,13431,9116,40798,281,191,151,"0.6797","0.7906","74.19","2.14",32080.588000000018,"0.1493","0.1759","0.0257","0.6078"
"FIN-LOC003-202301","LOC003","East Valley Dental Care","2023-01-01",2023,1,"2023-01",147891,15667,32204,35178,10096,9342,14361,6673,12882,8269,3220,106431,28099,8873,8873,1479,7344,2958,5916,10352,5916,5916,1479,11831,2958,1479,2958,41460,"0.2803","0.2500","0.0700",167610,95538,40226,18437,10057,"34.0",789,292,24,32,133102,129109,"0.8730",640,595,38,448,99,349,"0.8900","330.11",3,528,380,"0.7200",50423,21048,16653,14032,10732,8481,26522,224,143,104,"0.6384","0.7273","61.62","2.14",22677.842999999993,"-0.1695","-0.0047","-0.1948","-0.1296"
"FIN-LOC003-202302","LOC003","East Valley Dental Care","2023-02-01",2023,2,"2023-02",180174,18684,34924,44092,14948,13324,19208,9430,12433,9604,3527,127989,36035,18017,14414,1802,7272,1802,7207,5405,5405,5405,1802,16216,1802,1802,3603,52185,"0.2896","0.3000","0.0900",228220,148343,54773,20540,18258,"38.0",961,327,29,33,162157,144319,"0.8010",688,654,41,482,106,376,"0.8900","373.80",3,528,433,"0.8200",48111,27412,23049,17156,15962,9697,38787,169,120,94,"0.7101","0.7833","75.07","5.00",16330.37400000001,"0.2183","0.1658","0.2587","0.3899"
"FIN-LOC003-202303","LOC003","East Valley Dental Care","2023-03-01",2023,3,"2023-03",185039,19382,41301,45286,14492,11539,18477,8333,13767,9238,3224,138650,40709,16654,12953,3701,7272,3701,7402,12953,5551,5551,1850,11102,5551,1850,1850,46389,"0.2507","0.3100","0.0900",252887,154261,58164,27818,15173,"41.0",987,306,30,39,166535,161539,"0.8730",654,641,33,458,87,371,"0.8100","404.02",3,528,465,"0.8800",48690,29601,21025,21209,15640,9406,39468,192,121,104,"0.6302","0.8595","77.10","2.14",22889.04699999999,"0.0270","0.0336","-0.1111","-0.1356"
"FIN-LOC003-202304","LOC003","East Valley Dental Care","2023-04-01",2023,4,"2023-04",219956,21211,41539,54133,19267,16859,22316,9611,19090,11158,4773,154429,46191,15397,13197,2200,7056,4399,6599,13197,6599,6599,2200,21996,4399,2200,2200,65527,"0.2979","0.2800","0.0700",278611,172739,69653,27861,25075,"38.0",1173,434,35,39,197960,178164,"0.8100",920,874,55,644,135,509,"0.8100","341.55",3,528,375,"0.7100",70477,35862,22203,20790,18960,9251,42411,193,124,102,"0.6425","0.8226","91.65","2.50",23735.359999999986,"0.1887","0.1965","0.4126","-0.0122"
"FIN-LOC003-202305","LOC003","East Valley Dental Care","2023-05-01",2023,5,"2023-05",215605,18909,48811,53868,15655,17392,19129,12093,15303,9564,4881,143101,40965,12936,17248,2156,7272,4312,8624,10780,4312,6468,2156,17248,2156,2156,4312,72504,"0.3363","0.2500","0.0900",280287,154158,61663,25226,16817,"39.0",1150,426,46,30,194045,182402,"0.8460",814,790,49,570,137,433,"0.7800","378.25",3,528,407,"0.7700",66093,31763,22331,24170,18309,10160,42779,245,154,129,"0.6286","0.8377","89.84","3.00",39300.82999999999,"-0.0198","0.0741","0.1065","0.2680"
"FIN-LOC003-202306","LOC003","East Valley Dental Care","2023-06-01",2023,6,"2023-06",191726,18817,41816,44667,16270,12906,19197,8458,14750,10739,4106,130051,36428,11504,13421,3835,7344,3835,7669,7669,3835,7669,1917,15338,3835,1917,3835,61675,"0.3217","0.2500","0.0900",255635,153381,51127,23007,20451,"40.0",1023,379,41,36,172553,167377,"0.8730",940,874,28,658,165,493,"0.8800","291.38",3,528,417,"0.7900",60773,28281,20699,21662,14281,9527,36504,230,159,124,"0.6913","0.7799","79.89","3.75",37325.79799999998,"-0.1108","0.2192","-0.1494","0.4871"
"FIN-LOC003-202307","LOC003","East Valley Dental Care","2023-07-01",2023,7,"2023-07",186442,17412,41015,46432,14084,12595,16831,8319,17025,8512,4218,126377,35424,14915,9322,3729,7056,1864,7458,9322,3729,5593,1864,14915,5593,1864,3729,60065,"0.3222","0.2700","0.0700",279663,153815,67119,22373,16780,"45.0",994,378,40,31,167798,166120,"0.8910",630,617,19,441,106,335,"0.7700","422.77",3,528,454,"0.8600",54121,25921,25978,19370,12913,10919,37220,163,112,99,"0.6871","0.8839","77.68","3.00",39742.822000000015,"-0.0276","0.3808","-0.0261","0.4456"
"FIN-LOC003-202308","LOC003","East Valley Dental Care","2023-08-01",2023,8,"2023-08",195348,19862,42592,44537,16709,12184,19862,9726,16545,8907,4423,142060,39070,17581,11721,3907,7272,3907,9767,9767,3907,5860,1953,17581,3907,1953,3907,53288,"0.2728","0.2900","0.0800",273487,155888,62902,27349,24614,"42.0",1042,365,21,37,175813,170539,"0.8730",861,827,60,603,151,452,"0.7900","323.96",3,528,454,"0.8600",57371,32078,23442,18301,18095,9870,36191,283,221,168,"0.7809","0.7602","81.39","3.00",28478.804000000004,"0.0478","0.0641","-0.1128","-0.0004"
"FIN-LOC003-202309","LOC003","East Valley Dental Care","2023-09-01",2023,9,"2023-09",185452,21186,37912,44138,13083,13659,15982,9850,15611,10314,3717,133381,37090,14836,14836,3709,7272,3709,5564,9273,7418,5564,1855,12982,3709,1855,3709,52071,"0.2808","0.2800","0.1000",241088,135009,55450,21698,12054,"39.0",989,356,49,25,166907,156892,"0.8460",618,593,19,433,82,351,"0.8700","428.30",3,528,454,"0.8600",51996,30471,25271,16773,14909,10623,35409,134,99,77,"0.7388","0.7778","77.27","3.00",23511.39200000002,"-0.0507","0.0926","-0.0228","0.4719"
"FIN-LOC003-202310","LOC003","East Valley Dental Care","2023-10-01",2023,10,"2023-10",176926,18502,36658,45390,13280,11499,17810,9164,13003,8127,3493,127367,35385,15923,12385,3539,7056,3539,7077,5308,3539,5308,1769,15923,5308,1769,3539,49559,"0.2801","0.2900","0.0900",259491,160884,54493,28544,18164,"44.0",944,330,38,28,159233,141718,"0.8010",763,732,61,534,80,454,"0.8100","331.32",3,528,454,"0.8600",47923,28698,23627,18946,15752,10402,31577,246,194,161,"0.7886","0.8299","73.72","5.00",14350.725999999995,"-0.0460","0.1152","-0.0482","-0.0085"
"FIN-LOC003-202311","LOC003","East Valley Dental Care","2023-11-01",2023,11,"2023-11",164517,15514,29763,45119,14438,12633,17573,7520,12032,7045,2881,114063,32903,11516,13161,1645,7128,1645,6581,8226,6581,3290,1645,11516,4936,1645,1645,50454,"0.3067","0.2700","0.0900",202904,119713,50726,24348,18261,"37.0",877,333,44,32,148065,143623,"0.8730",762,747,46,533,80,453,"0.8800","308.66",3,528,385,"0.7300",50912,23516,19201,15354,14482,8404,32648,197,150,116,"0.7614","0.7733","68.55","3.00",29560.341000000015,"-0.0701","0.0619","0.0181","0.0051"
"FIN-LOC003-202312","LOC003","East Valley Dental Care","2023-12-01",2023,12,"2023-12",167318,15616,30245,43149,14860,11736,18903,7726,14334,7561,3189,124251,35137,15059,11712,1673,7128,3346,6693,8366,5020,6693,1673,13385,1673,1673,5020,43067,"0.2574","0.3000","0.0800",172895,107195,34579,20747,10374,"31.0",892,330,36,40,150586,144563,"0.8640",602,572,36,421,67,354,"0.7600","397.43",3,528,444,"0.8400",46280,26210,21157,17316,12593,8815,34946,168,102,91,"0.6071","0.8922","69.72","3.00",20311.752000000008,"0.0170","-0.0604","-0.1464","-0.1636"
"FIN-LOC003-202401","LOC003","East Valley Dental Care","2024-01-01",2024,1,"2024-01",156366,16141,32890,41874,11694,10659,13400,7918,11085,7233,3472,116801,29710,14073,7818,3127,7344,3127,6255,9382,4691,6255,1564,14073,4691,1564,3127,39565,"0.2530","0.2800","0.0700",198064,112896,41593,17826,11884,"38.0",834,325,33,28,140729,130878,"0.8370",567,533,11,397,71,326,"0.8600","393.87",3,528,417,"0.7900",44246,22356,21238,14904,13413,6676,33534,127,93,66,"0.7323","0.7097","65.15","2.50",14077.342000000004,"-0.0655","0.0573","-0.0813","-0.0457"
"FIN-LOC003-202402","LOC003","East Valley Dental Care","2024-02-01",2024,2,"2024-02",151446,13804,34282,34888,12985,11361,15624,8191,10558,7054,2700,110183,28775,13630,9087,3029,7200,1514,6058,10601,6058,6058,1514,9087,3029,1514,3029,41263,"0.2725","0.2800","0.0800",222121,126609,51088,19991,13327,"44.0",808,283,32,39,136301,125397,"0.8280",739,702,22,517,88,429,"0.8500","292.93",3,528,449,"0.8500",41092,21687,20637,16437,10958,8371,32265,176,127,113,"0.7216","0.8898","63.10","2.14",15214.288,"-0.0315","-0.1594","0.0429","-0.2093"
"FIN-LOC003-202403","LOC003","East Valley Dental Care","2024-03-01",2024,3,"2024-03",208030,18946,42010,55086,14333,14127,22652,11429,16474,9061,3913,148516,43686,16642,12482,4161,7056,4161,6241,10402,6241,8321,2080,16642,2080,2080,6241,59514,"0.2861","0.2900","0.0800",305111,198322,64073,24409,24409,"44.0",1109,366,44,25,187227,170377,"0.8190",710,660,43,497,80,417,"0.8900","418.57",3,528,375,"0.7100",65781,27462,26568,20863,16690,11070,39596,229,167,142,"0.7293","0.8503","86.68","3.00",21860.570000000007,"0.3736","0.1242","0.4423","0.2829"
"FIN-LOC003-202404","LOC003","East Valley Dental Care","2024-04-01",2024,4,"2024-04",225768,20832,48607,53236,17961,13934,21295,11573,21109,12962,4259,167349,47411,20319,18061,4515,7056,4515,11288,9031,4515,4515,2258,18061,6773,2258,6773,58419,"0.2588","0.3000","0.1000",233294,146975,58324,25662,23329,"31.0",1204,470,60,29,203191,188968,"0.8370",1101,1024,66,771,185,586,"0.8100","292.82",3,528,433,"0.8200",61375,38530,28096,19549,20367,11479,46372,339,220,161,"0.6490","0.7318","94.07","3.75",21618.81600000002,"0.0853","0.0264","-0.0184","-0.1085"
"FIN-LOC003-202405","LOC003","East Valley Dental Care","2024-05-01",2024,5,"2024-05",214360,21447,48360,47834,16821,16043,23549,10198,15980,10513,3616,161538,42872,19292,15005,4287,7200,4287,8574,10718,8574,8574,2144,19292,2144,2144,6431,52822,"0.2464","0.2900","0.0900",250087,157555,60021,30010,17506,"35.0",1143,354,57,33,192924,187136,"0.8730",1056,972,84,739,148,591,"0.8000","290.07",3,528,465,"0.8800",58592,35155,22656,24522,17881,12152,43401,333,230,166,"0.6907","0.7217","89.32","3.00",25598.28,"-0.0505","-0.0058","-0.0958","-0.2715"
"FIN-LOC003-202406","LOC003","East Valley Dental Care","2024-06-01",2024,6,"2024-06",184815,17292,38718,46519,15187,14209,16352,9022,13533,10150,3834,132946,38811,14785,12937,3696,7272,3696,7393,7393,7393,7393,1848,14785,1848,1848,1848,51869,"0.2807","0.2900","0.0900",246420,150316,51748,24642,14785,"40.0",986,325,30,25,166334,148037,"0.8010",811,770,57,568,97,471,"0.8500","325.38",3,528,412,"0.7800",55481,29555,21570,17802,11753,9592,39061,284,193,172,"0.6796","0.8912","77.01","3.75",15090.815000000002,"-0.1378","-0.0360","-0.0180","-0.1590"
"FIN-LOC003-202407","LOC003","East Valley Dental Care","2024-07-01",2024,7,"2024-07",175589,18125,31489,40735,16404,13969,19955,10252,13035,8147,3478,123018,35118,15803,10535,1756,7128,3512,5268,12291,3512,5268,1756,14047,3512,1756,1756,52571,"0.2994","0.2900","0.0700",187295,104885,39332,22475,13111,"32.0",936,300,28,40,158030,145388,"0.8280",660,627,20,462,106,356,"0.7700","380.06",3,528,475,"0.9000",53387,25182,21556,16453,12759,8310,37942,194,120,88,"0.6186","0.7333","73.16","2.14",22369.69200000001,"-0.0499","-0.0582","0.0135","-0.1248"
"FIN-LOC003-202408","LOC003","East Valley Dental Care","2024-08-01",2024,8,"2024-08",185215,19175,38349,40343,15188,13156,20124,8448,16251,10157,4025,125807,38895,12965,12965,3704,7272,3704,5556,9261,3704,3704,1852,14817,3704,1852,1852,59408,"0.3208","0.2800","0.0900",191389,109092,44019,19139,9569,"31.0",988,356,49,40,166694,150024,"0.8100",809,785,16,566,91,475,"0.8400","327.23",3,528,375,"0.7100",53916,29715,21076,21240,14541,9190,35536,260,203,160,"0.7808","0.7882","77.17","3.00",24217.149999999994,"0.0548","-0.0519","0.1301","0.1148"
"FIN-LOC003-202409","LOC003","East Valley Dental Care","2024-09-01",2024,9,"2024-09",165002,16043,34031,40513,12575,9982,17664,9075,14779,6968,3371,119544,34650,13200,9900,3300,7344,3300,6600,6600,4950,3300,1650,14850,4950,1650,3300,45458,"0.2755","0.2900","0.0800",220003,127602,52801,19800,19800,"40.0",880,343,35,36,148502,135137,"0.8190",620,589,50,434,109,325,"0.8000","380.19",3,528,438,"0.8300",45483,24005,18597,17688,13746,8423,37060,182,129,114,"0.7088","0.8837","68.75","3.75",15592.638000000006,"-0.1091","-0.1103","-0.2348","-0.1270"
"FIN-LOC003-202410","LOC003","East Valley Dental Care","2024-10-01",2024,10,"2024-10",226761,20542,45754,53107,21289,16177,26378,10972,16621,11205,4715,170539,43085,20408,11338,4535,7272,6803,11338,15873,9070,4535,2268,20408,6803,2268,4535,56222,"0.2479","0.2800","0.0700",294789,185717,73697,26531,26531,"39.0",1209,484,36,25,204085,187758,"0.8280",852,784,26,596,107,489,"0.8700","380.47",3,528,417,"0.7900",65391,30919,30137,20139,17627,13268,49280,256,156,129,"0.6094","0.8269","94.48","2.14",17219.108000000007,"0.3743","0.2817","0.2368","0.1344"
"FIN-LOC003-202411","LOC003","East Valley Dental Care","2024-11-01",2024,11,"2024-11",207953,22898,43594,46787,15148,13409,20916,11889,18671,10678,3963,150547,39511,18716,12477,2080,7056,4159,10398,12477,6239,6239,2080,18716,6239,2080,2080,57406,"0.2761","0.2800","0.0700",207953,118533,47829,20795,10398,"30.0",1109,410,22,37,187158,183415,"0.8820",803,779,24,562,135,427,"0.8600","370.02",3,528,417,"0.7900",59606,31812,29468,20315,16967,9600,40184,270,189,144,"0.7000","0.7619","86.65","2.50",32867.546,"-0.0829","0.2640","0.0211","0.1378"
"FIN-LOC003-202412","LOC003","East Valley Dental Care","2024-12-01",2024,12,"2024-12",195983,18465,36929,47154,14454,14454,21840,11019,17313,9828,4527,130524,35277,17638,13719,1960,7056,5879,7839,5879,5879,5879,1960,13719,1960,1960,3920,65459,"0.3340","0.2700","0.0800",228647,146334,57162,25151,16005,"35.0",1045,418,42,40,176385,169329,"0.8640",830,764,58,581,116,465,"0.7600","337.32",3,528,470,"0.8900",62882,29958,20407,18588,16294,9887,37967,250,190,158,"0.7600","0.8316","81.66","5.00",38805.312000000005,"-0.0576","0.1713","0.1403","0.5199"
"FIN-LOC003-202501","LOC003","East Valley Dental Care","2025-01-01",2025,1,"2025-01",158087,17497,36600,34915,12457,9664,14929,8829,12328,7946,2922,114842,31617,9485,7904,3162,7344,3162,6323,7904,6323,6323,1581,15809,4743,1581,1581,43245,"0.2736","0.2600","0.0700",200244,128156,42051,20024,16020,"38.0",843,253,25,34,142278,129473,"0.8190",651,605,20,456,82,374,"0.7600","346.68",3,528,407,"0.7700",47674,19940,19253,15586,13691,8022,33922,155,118,94,"0.7613","0.7966","65.87","3.00",14631.253000000026,"-0.1934","0.0110","-0.3394","0.0930"
"FIN-LOC003-202502","LOC003","East Valley Dental Care","2025-02-01",2025,2,"2025-02",166157,18221,30484,39419,14717,13122,15242,9986,13595,7446,3924,121777,29908,16616,9969,1662,7128,4985,6646,11631,6646,3323,1662,14954,1662,1662,3323,44380,"0.2671","0.2800","0.0700",193850,110494,46524,21324,15508,"35.0",886,337,44,28,149541,140569,"0.8460",639,620,19,447,94,353,"0.8500","371.72",3,528,401,"0.7600",48055,23767,20476,17934,12397,8706,34823,183,123,91,"0.6721","0.7398","69.23","2.14",18791.822000000015,"0.0510","0.0971","0.0262","0.0755"
"FIN-LOC003-202503","LOC003","East Valley Dental Care","2025-03-01",2025,3,"2025-03",195094,19004,38746,52122,15646,13432,20664,8579,12694,10517,3690,143912,39019,13657,13657,3902,7344,1951,9755,11706,3902,5853,1951,19509,5853,1951,3902,51182,"0.2623","0.2700","0.0900",247119,160627,56837,24712,17298,"38.0",1041,312,52,38,175585,170317,"0.8730",816,775,57,571,131,440,"0.8800","341.67",3,528,444,"0.8400",52659,32246,26980,20117,17829,10157,35106,280,190,167,"0.6786","0.8789","81.29","2.50",26405.062000000005,"0.1742","-0.0622","0.1533","-0.1400"
"FIN-LOC003-202504","LOC003","East Valley Dental Care","2025-04-01",2025,4,"2025-04",216732,25279,42575,49892,18804,16453,19292,10755,16675,12085,4923,160935,45514,19506,13004,4335,7056,2167,8669,13004,6502,6502,2167,21673,2167,2167,6502,55797,"0.2574","0.3000","0.0800",317874,190724,79469,31787,19072,"44.0",1156,416,46,27,195059,189207,"0.8730",791,759,40,554,127,427,"0.8500","391.21",3,528,412,"0.7800",71180,32264,26875,21066,16675,10089,38583,266,200,180,"0.7519","0.9000","90.31","2.50",28272.036000000022,"0.1109","-0.0400","0.0902","-0.0449"